3276 5050
629 405 874 452 euoenoouuun.
1263 382 1327 450 107-

176 575 228 637 ubi
252 592 368 636 errasse
384 573 531 652 Vergilius
553 575 695 652 arguitur,
720 573 799 651 quod
815 572 887 634 den.
909 573 962 638 llll
977 570 1019 636 58
1035 572 1108 634 Dido
1130 593 1186 653 pro
1209 575 1322 653 nuptiis

177 696 260 738 sacra
288 678 400 738 faciens
427 677 526 755 primo
554 677 713 737 contrariis
740 675 911 737 numinibus
934 677 1036 738 Cereri
1058 676 1179 738 Phoebo
1202 675 1319 746 Libero,

176 787 239 842 tum
261 779 382 852 demum
403 778 511 840 lunoni
533 785 642 840 mactet
664 797 742 839 oves.
781 779 861 839 llaec
882 779 946 855 ipsa
968 787 1068 839 autem
1091 779 1167 857 apud
1185 779 1320 840 Servium

176 882 308 944 Danielis
324 869 402 942 ¹satis
425 882 545 960 copiose
568 889 597 943 et
620 888 807 961 exponuntur
830 887 859 941 et
879 881 1049 944 refutantur
1065 879 1163 942 verbis
1187 879 1255 941 ‘alii
1278 880 1321 940 di-

177 989 268 1046 cunt'
291 1003 316 1044 e.
341 1001 370 1062 q.
394 1003 435 1054 s.,
464 986 571 1062 utqui
594 985 735 1064 supplere
756 983 898 1046 blacrobii
926 965 1061 1046 lacunam
1084 982 1236 1044 induxerit
1258 983 1321 1042 ani-

177 1106 272 1158 mum,
302 1086 351 1147 hic
379 1094 408 1146 et
429 1085 572 1164 Euangeli
596 1094 625 1148 et
647 1089 736 1148 Vettii
764 1085 938 1164 argumenta
966 1085 1052 1146 facile
1074 1087 1111 1146 sit
1134 1091 1320 1164 reperturus.

177 1190 239 1251 Nec
261 1188 311 1249 illa
341 1207 429 1270 quam
462 1191 493 1248 in
516 1207 611 1250 somn.
636 1189 716 1268 Scip.
740 1185 807 1250 118
839 1191 965 1249 inseruit
986 1188 1156 1250 Macrobius
1188 1188 1322 1268 quaestio

177 1292 214 1352 de
248 1292 408 1368 georgicon
444 1291 457 1352 Ι
489 1310 534 1352 vv.
568 1288 629 1352 237
665 1310 729 1371 sqq.
764 1290 882 1352 aliunde
916 1299 1004 1368 atque
1039 1309 1075 1351 ex
1110 1291 1206 1352 Servii
1240 1308 1320 1361 eom·
1392 1287 1396 1291 ’

177 1395 329 1454 mentariis
351 1390 455 1454 hausta
476 1392 592 1454 videtur
615 1412 688 1454 esse.
735 1393 868 1465 Quorum
890 1395 921 1452 in
945 1395 1092 1473 excerptis
1115 1393 1224 1454 nostris
1247 1410 1322 1471 quae

177 1497 356 1558 adnotantur
378 1494 550 1559 brevissima
585 1497 594 1526 ³
599 1513 660 1571 per
682 1498 801 1558 umbus:
830 1514 897 1557 cum
926 1495 997 1555 vitet
1029 1501 1184 1574 utramque
1208 1501 1322 1572 tempe-

180 1605 285 1668 ratam,
310 1599 373 1677 ipsa
397 1599 579 1677 praepositio
596 1617 657 1675 per
678 1617 734 1677 pro
758 1601 837 1660 inter
856 1597 1029 1678 accipienda
1056 1600 1118 1658 est’
1149 1598 1323 1676 conspirant

181 1719 249 1761 curn
272 1699 414 1774 Macrobii
436 1699 495 1760 his:
520 1699 576 1760 ‘an
600 1701 678 1778 quod
702 1700 774 1760 mihi
797 1719 866 1760 vero
889 1701 1012 1779 propius
1036 1699 1160 1768 videtur,
1179 1717 1240 1776 per
1263 1715 1326 1758 um·

180 1806 234 1864 bus
254 1821 310 1884 pro
341 1805 420 1863 inter
448 1803 551 1862 ombus
582 1801 672 1862 voluit
699 1801 869 1890 Intellegil'
888 1820 924 1876 e.
951 1818 978 1878 q.
1004 1820 1026 1862 s.
1082 1800 1145 1864 Alia
1174 1800 1261 1862 elucet
1290 1799 1349 1861 ad'

181 1905 209 1964 h.
233 1904 253 1964 l.
278 1902 401 1964 Probus.

265 2007 362 2083 Atque
384 2003 421 2065 ab
444 2005 567 2076 eisdem,
592 2007 642 2083 qui
663 2007 808 2086 pontificii
836 2007 908 2066 iuris
938 2007 1060 2067 scientia
1083 2005 1257 2067 destitutum
1280 2025 1326 2066 ar-

183 2117 314 2188 guerunt
342 2106 515 2186 Vergilium,
545 2127 583 2168 ne
613 2108 642 2167 id
665 2107 785 2188 quidem
818 2109 1073 2186 praetermissum.
1096 2127 1161 2168 esse
1195 2109 1326 2168 conicias
1381 2153 1387 2164 .

183 2211 262 2288 quod
290 2209 367 2289 apud
396 2209 491 2270 solum
521 2209 654 2271 Servium
684 2209 720 2269 ad
748 2211 820 2270 Aen.
845 2205 993 2271 vt11552
1016 2209 1137 2287 legitur:
1173 2197 1330 2270 ‘etmulti

183 2313 239 2374 hoc
261 2313 328 2373 loco
350 2310 577 2390 reprehendunt
599 2308 769 2390 Virgilium,
800 2314 850 2392 qui
878 2331 946 2372 eum
968 2314 1098 2372 Aeneam
1122 2310 1231 2391 ubique
1253 2331 1327 2391 pon·

183 2417 290 2476 tificem
315 2413 462 2483 ostendat,
487 2423 516 2475 et
537 2413 727 2493 pontificibus
749 2433 808 2475 non
832 2413 920 2476 liceat
943 2433 1019 2494 equo
1044 2413 1124 2484 vehi,
1149 2414 1201 2474 sed
1225 2432 1324 2482 curru,

183 2519 260 2578 sicut
287 2517 319 2576 in
349 2517 476 2594 septimo
500 2512 581 2596 (280)
612 2535 626 2576 a
655 2516 758 2577 Latino
787 2518 814 2577 ei
837 2535 956 2578 currum
990 2518 1114 2578 missum
1150 2515 1235 2585 dicit,
1272 2513 1324 2575 cur

184 2636 260 2696 equo
283 2637 350 2678 eum
372 2635 458 2678 usum
481 2618 569 2678 faciat
597 2618 713 2680 dicens:
739 2619 851 2682 ducunt
874 2639 898 2680 e.
924 2637 951 2697 q.
976 2639 998 2680 s.
1025 2627 1054 2680 et
1075 2614 1148 2688 585,
1173 2620 1258 2679 culus
1282 2618 1326 2697 rei

183 2723 257 2782 haec
279 2720 416 2780 redditur
439 2721 526 2779 ratio'
551 2739 576 2780 e.
601 2737 628 2797 q.
653 2740 676 2782 s,

267 2822 411 2883 Redimus
433 2821 469 2881 ad
492 2823 701 2904 ‘criticorum'
724 2824 851 2902 quaein
875 2823 945 2884 solis
964 2825 1113 2885 Servianis
1136 2823 1257 2884 scholiis
1281 2841 1328 2882 enu

184 2931 247 2986 tant
281 2924 462 2992 notationes
492 2940 617 3000 quarum
641 2931 755 3002 partem
784 2925 910 3003 aliquam
951 2925 995 2986 vel
1018 2943 1114 3003 genus
1136 2924 1241 2986 saltem
1266 2927 1329 2986 uni-

184 3045 300 3088 versum
323 3026 359 3086 ad
382 3027 495 3103 antiqui
516 3017 595 3090 illius
612 3025 728 3086 Carvilii
743 3027 868 3088 Pictoris
892 3027 1015 3104 eiusque
1039 3027 1206 3104 aequalium
1229 3029 1329 3087 crimi⁴

184 3131 334 3198 nationes,
365 3127 473 3204 quibus
504 3135 601 3188 autem
632 3128 802 3190 detenditur
831 3137 1127 3208 poela‘argumrnta
1155 3129 1190 3189 ad
1212 3130 1331 3190 Asconii

184 3231 294 3291 librum
312 3231 420 3290 reterri
435 3229 589 3308 probabile
603 3239 663 3298 est;
689 3247 868 3308 quamquam
892 3239 924 3292 ut
940 3232 999 3292 dixi
1014 3231 1189 3310 posterioris
1212 3247 1330 3306 quoque

184 3333 330 3412 temporis
352 3339 620 3420 commentatorum
644 3351 732 3393 nemo
754 3334 822 3401 luit,
847 3335 917 3413 quin
942 3342 971 3394 et
992 3333 1122 3412 ponendi
1145 3340 1175 3392 et
1197 3331 1331 3392 solvendi

185 3436 375 3514 quaestiones
399 3433 445 3493 vel
469 3437 661 3514 praecipuum
685 3455 793 3496 nrunus
818 3435 963 3497 babuerit.
995 3435 1052 3496 Sed
1070 3433 1176 3496 similia
1199 3432 1246 3493 hic
1269 3431 1330 3492 col-

185 3537 294 3615 legisse
316 3537 417 3613 utique
439 3536 558 3598 iuvabit.

270 3638 312 3700 nd
337 3655 423 3705 sacra
444 3641 535 3717 igitur
558 3642 697 3718 pertinet,
722 3641 799 3718 quod
822 3643 1010 3720 ‘quaeritur’
1033 3659 1086 3701 cur
1109 3648 1213 3720 operto
1235 3641 1330 3719 capite

187 3741 223 3801 ad
240 3741 379 3802 Herculis
395 3759 477 3802 aram
500 3742 597 3802 adsint
613 3741 692 3814 Salii,
717 3746 763 3804 cui
779 3743 894 3804 detecto
911 3745 1020 3807 vertice
1044 3745 1210 3804 sacrificare
1234 3743 1332 3803 cuncti
1399 3809 1403 3818 ι

186 3845 215 3904 in
248 3842 332 3904 libris
366 3843 584 3922 antiquioribus
617 3845 776 3906 iubeantur
809 3845 940 3924 (Servius
961 3847 1033 3906 Aen.
1058 3846 1123 3907 Vlll
1144 3841 1227 3923 288).
1282 3844 1329 3903 ln·

187 3963 355 4024 congruum
379 3937 484 4014 visum,
508 3946 586 4028 quod
610 3945 679 4007 libri
703 3947 766 4008 Vlll
787 3949 871 4008 initio
894 3949 1010 4024 signum
1033 3946 1104 4007 belli
1118 3949 1246 4016 Turnus,
1271 3964 1331 4006 non

188 4066 242 4108 rex
265 4045 388 4110 Latinus
410 4049 552 4110 Laurenti
576 4047 612 4109 ab
636 4067 704 4110 arce
728 4049 867 4110 extulisse
891 4049 1007 4119 dicitur,
1031 4067 1091 4109 non
1113 4048 1329 4128 reputantibus,

187 4167 291 4228 regem
316 4169 416 4212 rerum
441 4150 572 4213 habenas
595 4151 754 4231 reliquisse
778 4151 838 4232 (Vll
860 4148 932 4226 600)
964 4159 993 4211 et
1021 4153 1179 4212 convenire
1202 4151 1332 4211 lerociae

188 4251 284 4312 'lurni
313 4253 372 4314 tale
401 4272 515 4314 ausum.
567 4253 724 4332 Displicuit
751 4254 829 4333 quod
858 4254 935 4335 apud
965 4253 1136 4315 Euandrum
1165 4252 1332 4332 hospitibus

188 4353 328 4414 Troianis
350 4354 558 4432 praesentibus
581 4358 712 4416 carmine
728 4354 896 4416 celebratur
911 4357 1017 4416 Troiae
1034 4355 1179 4416 excidium
1196 4353 1332 4434 Herculis

127 4516 135 4527 ,
190 4452 259 4514 olim
290 4456 397 4516 virtute
425 4458 535 4518 lactum
559 4457 632 4532 (Vlll
654 4453 742 4536 291),
771 4457 849 4538 quod
878 4457 1055 4539 hymnorum
1084 4459 1198 4518 ratione
1225 4455 1332 4516 melius
