3276 5050
644 388 886 430 anonueouexx.
1273 365 1334 432 105

181 557 382 636 respondetur
416 562 536 635 praeter
570 555 641 625 alia,
675 557 706 615 in
733 556 888 635 Menippea
918 556 1060 618 Varronis
1097 545 1199 628 ἄλλος
1235 540 1336 631 οὗτος

176 648 347 740 Ἡρακλῆς
369 658 497 720 eundem
521 676 587 718 esse
609 656 769 718 Herculem
792 676 826 718 ac
849 658 974 720 Martem
997 658 1139 738 probari,
1171 659 1335 722 Chaldaeos

182 760 302 844 quoque
330 760 447 822 stellam
469 759 607 822 Herculis
635 777 741 821 vocare
769 779 857 840 quam
886 760 994 840 reliqui
1026 779 1130 823 omnes
1152 763 1254 824 Martis
1282 780 1334 843 ap·

182 846 325 945 pellente
345 863 475 943 denique
509 864 539 924 in
568 863 680 925 Octavii
708 863 868 924 Hersenuii
902 861 980 924 libro
1009 865 1059 944 qui
1087 864 1268 925 inscribatur
1297 865 1335 926 de

183 969 276 1029 sacris
304 963 469 1028 Saliaribus
497 964 725 1026 Tiburtinorum
755 965 873 1036 doceri,
909 965 1004 1027 Salios
1032 964 1153 1026 Herculi
1182 967 1333 1028 institutos

184 1071 303 1149 operari
325 1067 430 1129 diebus
453 1070 543 1129 certis
565 1075 595 1128 et
616 1070 778 1146 auspicato.
809 1068 889 1128 Haec
905 1068 962 1128 tria
977 1073 1152 1146 argumenta
1176 1070 1206 1129 in
1223 1069 1334 1130 nostris

183 1171 304 1234 scholiis
326 1173 369 1232 sic
392 1176 560 1232 eontracta:
585 1173 672 1232 ‘sunt
694 1177 794 1231 autem
818 1168 888 1231 Salii
910 1171 1012 1231 Martis
1036 1176 1065 1230 et
1087 1170 1233 1241 Herculis,
1258 1189 1331 1249 quo-

183 1277 264 1336 niam
287 1272 427 1335 Chaldaei
448 1272 563 1334 stellam
585 1274 688 1334 Martis
711 1270 872 1335 Herculem
897 1272 1007 1342 dicunt,
1032 1291 1105 1353 quos
1120 1274 1213 1334 Varro
1236 1275 1336 1351 sequi·

184 1383 244 1438 tur.
289 1382 319 1436 et
340 1374 481 1436 Tiburtes
504 1375 600 1438 Salios
621 1377 711 1436 etiam
736 1373 936 1436 dicaverant’.

270 1529 382 1590 Eodem
406 1527 471 1589 loco
495 1547 608 1592 errasse
631 1529 710 1608 apud
733 1527 916 1589 illacrohium
947 1529 1056 1590 dicitur
1079 1529 1226 1608 Vergilius
1255 1529 1333 1608 quod
1415 1522 1418 1532 '

185 1630 345 1711 ‘populeas
368 1648 494 1690 coronas
523 1632 670 1700 nominat,
701 1649 767 1691 eum
796 1631 832 1691 ad
861 1649 942 1691 aram
973 1633 1129 1692 maximam
1159 1631 1223 1692 sola
1250 1631 1334 1692 lauro

186 1735 283 1813 capita
307 1741 336 1794 et
358 1733 414 1794 alia
437 1733 543 1794 ironde
567 1751 627 1792 non
651 1734 789 1794 vinciant.
841 1732 935 1793 videri
964 1741 994 1793 et
1015 1735 1045 1794 in
1069 1735 1164 1812 capite
1188 1735 1335 1812 praetoris

186 1835 293 1896 urhani
315 1834 446 1896 lauream
471 1853 620 1904 coronam,
645 1851 713 1895 cum
736 1853 798 1894 rem
822 1834 950 1896 divinam
973 1834 1095 1896 Herculi
1117 1836 1233 1896 iaciat’
1265 1835 1334 1908 Qui-

185 1937 242 1998 hus
266 1937 423 1998 adduntur
456 1935 515 1996 alia
550 1954 626 2015 quae
655 1938 870 2015 praetermitto.
922 1936 1055 2015 Opponit
1083 1944 1181 1998 autem
1212 1937 1334 2005 Vettius

187 2045 325 2100 constare
353 2037 472 2118 quidem
501 2055 581 2098 uunc
608 2037 694 2098 lauro
724 2039 924 2098 sacrificantes
959 2037 1037 2116 apud
1066 2057 1146 2098 aram
1177 2039 1335 2098 maximam

187 2142 341 2211 coronari,
370 2140 422 2200 sed
446 2138 539 2200 multo
562 2145 630 2218 post
652 2139 775 2199 Romam
804 2138 953 2198 conditam
983 2139 1059 2199 hanc
1088 2139 1334 2200 consuetudinem

188 2245 353 2323 sumpsisse
383 2241 552 2312 exordium,
587 2248 745 2321 postquam
780 2243 812 2300 in
840 2241 983 2302 Aventino
1012 2241 1172 2303 Lauretum
1202 2244 1337 2320 coeperit

190 2347 304 2413 virere,
340 2363 426 2424 quarn
455 2362 519 2405 rem
548 2345 657 2405 docere
680 2345 843 2405 Varronem
867 2341 1064 2404 humanarum
1095 2342 1171 2403 libro
1195 2343 1335 2404 secundo.

189 2453 226 2507 ‘e
243 2452 344 2507 monte
360 2464 440 2524 ergo,
464 2448 568 2526 inquit,
593 2447 729 2525 proximo
745 2444 885 2524 decerpta
901 2443 1003 2506 laurus
1020 2445 1193 2506 sumebatur
1209 2463 1335 2524 operan-

189 2549 278 2617 tibus,
303 2566 391 2625 quam
415 2549 509 2607 vicina
533 2547 677 2608 oiierehat
700 2547 825 2606 occasio.
865 2546 943 2607 unde
972 2554 1054 2608 recte
1070 2547 1152 2608 Maro
1175 2555 1277 2608 noster
1300 2546 1336 2606 ad

190 2670 223 2710 ea
254 2657 388 2729 ternpore
411 2649 542 2728 respexit
564 2649 672 2726 quihus
695 2647 834 2708 Euander
856 2654 924 2708 ante
954 2649 1059 2710 urbem
1082 2649 1229 2710 conditam
1258 2647 1335 2728 apud

189 2771 271 2814 aram
295 2753 453 2813 maximam
476 2768 560 2830 sacra
582 2749 753 2811 celebrabat
775 2756 805 2810 et
820 2749 959 2811 utebatur
974 2750 1084 2831 populo
1101 2753 1202 2830 utique
1217 2750 1336 2811 Alciden

191 2854 390 2932 gratissima!
416 2852 498 2923 Quae
509 2852 574 2912 vide
592 2851 664 2912 mihi
677 2871 764 2932 quarn
777 2851 812 2912 ad
825 2851 949 2912 verbum
962 2854 1025 2913 iere
1038 2871 1217 2932 qxxamquam
1230 2851 1336 2913 ordine

189 2955 308 3016 turbato
330 2957 361 3013 in
385 2953 488 3014 Servio
511 2953 642 3014 Danielis
665 2954 700 3013 ad
723 2972 748 3012 v.
771 2950 834 3013 276
857 2961 970 3014 servata
994 2955 1061 3022 sint,
1086 2954 1138 3014 uhi
1161 2954 1248 3015 haec:
1275 2959 1335 3014 ‘at-

193 3058 243 3135 qui
266 3056 350 3117 lauro
375 3056 512 3115 coronari
535 3054 686 3123 solebant,
717 3057 768 3134 qui
796 3054 872 3132 apud
903 3072 984 3114 aram
1008 3058 1164 3116 maximam
1188 3075 1272 3117 sacra
1294 3057 1308 3116 i
1325 3089 1343 3140 '.

193 3157 321 3218 ciebant.
367 3156 418 3216 sed
448 3157 506 3216 hoc
528 3163 595 3236 post
617 3155 721 3216 urbem
745 3155 893 3216 conditam
923 3159 1021 3234 coepit
1043 3159 1122 3225 heri,
1155 3175 1252 3235 neque
1280 3157 1336 3217 alia

192 3259 300 3319 ironde
324 3257 488 3318 circumdat
511 3264 599 3336 caput
621 3266 742 3336 praetor
765 3256 911 3326 urhanuS,
947 3259 997 3336 qui
1022 3259 1134 3318 Graeco
1163 3259 1222 3318 ritu
1245 3260 1336 3319 sacri-

191 3362 268 3421 ficat.
313 3358 364 3419 sed
388 3365 474 3439 poeta
498 3360 534 3420 ad
556 3359 628 3419 illud
653 3368 769 3438 tempus
784 3357 908 3427 rettulit,
933 3375 992 3435 quo
1009 3359 1146 3419 Euander
1162 3360 1240 3438 apud
1256 3379 1336 3420 aram

194 3462 352 3521 maximam
376 3479 458 3522 sacra
483 3461 653 3524 celebravit.
697 3460 790 3521 Varro
813 3461 891 3520 enirn
908 3479 1008 3521 rerum
1032 3460 1226 3521 humanarum
1251 3461 1338 3528 docet

192 3565 222 3624 in
239 3563 384 3622 Aventino
399 3563 568 3626 institutum
585 3561 755 3630 Lauretum,
780 3561 816 3621 de
833 3581 891 3641 quo
915 3563 1050 3640 proximo
1072 3570 1173 3623 monte
1196 3563 1336 3642 decerpta

192 3665 296 3726 laurus
320 3662 493 3724 sumebatur
516 3665 551 3724 ad
576 3684 668 3733 sacra,
693 3665 825 3744 qxxamvis
847 3666 912 3742 ipse
928 3664 1049 3724 dixerit:
1074 3665 1202 3744 populus
1217 3664 1336 3726 Alcidae

192 3766 387 3845 gratissima!

277 3918 344 3980 Non
367 3924 540 3997 poteramus
562 3917 759 3979 luculentiore
782 3916 919 3996 exemplo
942 3917 1052 3988 doceri,
1077 3920 1263 3996 quae.iuerit
1285 3939 1336 3980 an·

192 4023 276 4098 tiqua
298 4020 433 4080 Serviani
456 4023 663 4081 commentarii
686 4021 777 4081 iacies
800 4036 949 4096 quamque
973 4022 1099 4100 turpiter
1121 4021 1166 4081 xel
1189 4023 1232 4082 eis
1254 4022 1336 4090 locis,

194 4122 304 4200 quihus
325 4141 375 4182 res
397 4123 479 4201 ipsae
501 4121 619 4200 plenius
642 4139 729 4199 quaxn
753 4120 824 4182 alihi
847 4128 982 4182 servatae
1005 4130 1088 4192 sunt,
1120 4123 1284 4184 deformata
1308 4131 1338 4182 et

193 4225 316 4284 coniusa
340 4225 386 4284 sit
433 4223 470 4284 Ut
492 4225 600 4284 mirum
624 4243 683 4284 non
707 4224 753 4292 sit,
778 4223 856 4302 quod
879 4224 979 4284 tenuis
1001 4231 1115 4285 tanturn
1140 4225 1246 4286 umbra
1270 4243 1337 4286 eru·

131 4353 135 4360 ·
194 4325 315 4386 ditionis
338 4343 373 4386 ac
395 4344 433 4385 ne
455 4326 518 4404 ipsa
547 4325 667 4402 quidem
698 4322 822 4393 solutio,
853 4341 929 4401 quae
957 4327 988 4386 in
1016 4328 1111 4406 capite
1135 4325 1172 4386 11
1196 4326 1337 4388 Macrobii

195 4405 327 4506 exposita
351 4433 405 4496 est,
429 4426 596 4505 reperiatur
618 4427 649 4486 in
673 4432 774 4488 nostro
798 4429 1022 4489 commentario.
1067 4429 1141 4490 Nam
1165 4428 1244 4506 quod
1260 4427 1338 4507 apud
