3212 5042
619 399 805 440 PRAEFATIO.
1244 397 1294 442 Vll

148 560 205 624 ubi
229 560 382 626 Sallustii
411 562 514 626 verba
542 566 608 625 ‘set
629 559 760 626 Metello
785 561 959 626 Cordubae
984 561 1160 628 hiemante'
1191 563 1295 628 sicin

146 661 218 726 cod.
250 661 349 726 Beru.
382 663 445 726 370
477 661 592 744 (schol.
614 663 755 745 Lucan.)
789 664 912 747 scripta
944 671 1038 726 sunt:
1069 670 1137 727 ‘set
1165 663 1294 728 metello

146 764 247 826 cordu
261 763 264 845 1
278 763 357 827 ba&
379 763 546 847 gementi!
591 762 673 827 Inde
701 761 858 826 mehercle
888 764 969 827 vitio
992 775 1172 848 propagato
1195 765 1292 848 Regi·

145 863 254 926 nensis
290 864 454 947 soriptura
486 872 592 941 efferta
624 863 733 926 fluxit.
792 863 921 927 Deinde
954 863 1043 949 apud
1071 863 1222 928 Seruium
1251 866 1292 928 ad

147 962 204 1027 ecl.
221 963 266 1044 II,
285 963 340 1041 15,
365 986 461 1049 quem
476 962 583 1028 locum
599 963 712 1028 eodem
736 964 898 1049 pertinere
915 974 1010 1028 acute
1029 964 1115 1028 uidit
1129 965 1291 1047 Ribbeck,

146 1069 238 1127 Leria
260 1063 417 1144 habetur,
446 1063 534 1149 quod
556 1087 598 1128 ex
625 1071 701 1128 ierta
729 1064 844 1128 eodem
872 1065 969 1130 modo
1001 1075 1107 1130 ortum
1135 1076 1200 1145 est,
1229 1089 1293 1151 quo

147 1187 207 1250 pro
247 1173 392 1230 iactatam
425 1166 603 1249 scripserat
634 1165 715 1248 Reg.
749 1163 902 1230 librarius
935 1174 1087 1232 laetatam.
1132 1166 1234 1230 Vnde·
1261 1176 1293 1231 et

147 1264 296 1329 Danielis
314 1265 442 1329 ‘Plotia
454 1271 577 1330 Aleria'
593 1267 733 1351 petitum
749 1288 821 1330 esse
839 1275 938 1351 patet,
961 1288 981 1329 a
997 1266 1107 1332 littera
1122 1289 1292 1352 perperam

148 1364 327 1450 duplicata.
378 1365 507 1445 Quibus
536 1367 564 1429 si
591 1367 695 1430 addas
724 1365 823 1431 schol.
853 1368 950 1431 Bern.
975 1367 1034 1430 ecl.
1057 1367 1121 1448 Vl,
1148 1369 1200 1448 17,
1235 1369 1292 1434 ubi

146 1471 220 1530 Iera
250 1465 415 1551 quaedam
443 1467 644 1531 Maecenatis
679 1466 798 1530 ancilla
830 1469 883 1532 vel
910 1467 992 1531 Vari
1024 1470 1129 1532 amica
1163 1467 1291 1548 dicitur,

148 1589 242 1652 quem
264 1565 374 1631 locum
390 1566 520 1632 conlato
538 1567 654 1632 Seruio
670 1566 713 1630 ad
728 1567 787 1630 ecl.
805 1567 849 1648 II,
868 1569 907 1632 15
928 1569 992 1632 hue
1014 1570 1175 1652 pertinere
1196 1591 1291 1632 nemo

148 1668 298 1750 negabit,
328 1667 540 1732 manifestum
562 1679 649 1732 certe
671 1667 855 1748 uidebitur,
883 1668 978 1733 istius
1006 1668 1150 1733 mulieris
1174 1693 1291 1734 nomen

147 1766 286 1831 Plotiam
309 1773 447 1832 Hiertam
469 1766 589 1848 fuisse,
618 1791 684 1832 non
708 1774 871 1832 Galeriam.
916 1770 969 1832 De
990 1768 1091 1834 altero
1115 1770 1201 1854 quod
1224 1769 1245 1833 1.
1268 1770 1289 1833 1.

147 1867 300 1932 Ribbeck
322 1869 470 1948 coniecit,
493 1869 596 1932 fuisse
617 1868 715 1932 istam
730 1866 869 1932 Plotiam
883 1869 921 1932 L.
938 1869 1030 1933 Varii
1047 1892 1181 1948 uxorem,
1207 1894 1290 1956 quac

148 1967 310 2033 sententia
324 1968 432 2033 Servii
447 1967 518 2033 loco
534 1969 594 2033 ecl.
611 1969 673 2048 III,
689 1968 731 2032 20
752 1968 821 2034 solo
837 1970 897 2033 niti
912 1969 1053 2047 videtur,
1078 1971 1118 2034 ob
1134 1970 1169 2034 id
1186 1973 1289 2034 ausim

147 2069 311 2148 dubitare,
339 2071 417 2154 quia
442 2070 475 2132 in
501 2079 593 2133 tanto
622 2067 820 2133 fabellarum
853 2067 979 2133 cumulo
1013 2080 1168 2154 congesto
1202 2073 1289 2136 haud

147 2170 296 2235 inmerito
324 2172 397 2255 quis
425 2171 529 2255 possit
557 2171 720 2251 conicere,
750 2193 847 2234 unam
870 2170 1005 2233 existis
1034 2169 1163 2233 fabellis
1187 2171 1289 2235 fuisse

146 2293 232 2351 cam,
267 2271 354 2356 quod
382 2269 536 2350 Plotiam,
571 2293 654 2356 quae
675 2271 769 2334 Varii
804 2280 891 2334 esset
913 2277 1026 2348 amica,
1063 2271 1132 2334 eius
1163 2292 1289 2336 uxorem

145 2371 246 2435 luisse
273 2373 508 2436 obtrectatores
537 2371 714 2455 fingerent,
753 2371 905 2434 nimirum
932 2381 969 2436 ut
997 2377 1141 2436 adulterit
1168 2374 1289 2436 crimen

144 2472 290 2556 Vergilio
311 2472 446 2557 insuper
468 2473 596 2537 obicere
619 2482 762 2557 possent.
807 2473 852 2536 Vt
873 2494 957 2558 quae
978 2471 1111 2538 Servius
1134 2475 1195 2539 toti
1218 2497 1288 2538 nar-

144 2573 352 2637 ratiunculae
375 2571 547 2657 praelusit,
571 2582 656 2636 ‘rem
684 2595 844 2658 nusquam
868 2572 1004 2637 lectam'
1034 2574 1141 2639 dicere
1164 2577 1288 2641 obtrec-

144 2682 285 2754 tatores,
314 2673 358 2736 ad
385 2673 420 2737 id
448 2696 577 2758 quoque
605 2674 768 2758 pertinere
791 2673 897 2756 dicas,
925 2674 1011 2759 quod
1034 2673 1175 2739 Plotiam
1197 2677 1288 2741 Varii

144 2795 268 2838 oaorem
290 2774 394 2839 fuisse
417 2775 562 2839 ementiti
585 2784 670 2840 sunt.

226 2874 367 2939 Accedit
395 2875 483 2961 quod
511 2875 627 2938 Hieria
660 2883 692 2939 et
719 2897 739 2939 a
766 2874 880 2940 Servio
908 2875 951 2940 ad
974 2875 1033 2940 ecl.
1056 2876 1107 2957 11,
1139 2877 1178 2940 15
1200 2886 1232 2941 et
1254 2878 1288 2941 in

143 2974 275 3040 scholiis
299 2977 397 3040 Bern.
421 2975 464 3039 ad
488 2975 545 3040 ecl.
562 2976 628 3058 VI,
653 2977 691 3039 17
721 2977 960 3041 consentienter
988 2981 1174 3043 Maecenatis
1191 2982 1289 3053 faisse

143 3083 258 3141 ancilla
281 3077 416 3157 dicitur,
446 3085 479 3140 et
500 3078 634 3162 insuper
661 3077 695 3140 in
721 3078 771 3141 his
801 3084 889 3142 Vartr'
910 3085 1018 3142 amica.
1065 3078 1176 3159 Quid?
1205 3101 1288 3164 quae

143 3177 267 3241 ibidem
290 3177 331 3241 de
352 3177 469 3241 Hieria
496 3177 686 3258 traduntur,
715 3179 864 3243 vinosam
883 3193 965 3241 'eam
992 3179 1095 3242 fuisse
1117 3180 1159 3244 ob
1189 3178 1287 3264 idque

143 3282 292 3342 Oaatbarr'
312 3301 431 3343 nomen
453 3278 484 3341 ei
506 3278 648 3343 inditum
671 3301 757 3360 esse,
785 3301 891 3343 nonne
920 3265 1043 3343 fontem
1075 3279 1154 3342 satis
1177 3301 1287 3344 recon-

143 3379 248 3443 ditum
276 3379 490 3465 notitiamque
523 3401 589 3443 non
623 3380 670 3443 ita
702 3379 871 3462 vulgarem
903 3379 1094 3461 ostendunt,
1128 3402 1226 3464 quam
1253 3382 1287 3444 in

143 3479 255 3544 Servio
273 3477 331 3542 eel.
348 3478 394 3560 II,
413 3479 452 3544 15
466 3480 621 3545 Ribbeck
643 3479 872 3545 desiderabat?
909 3480 1059 3565 Denique
1081 3502 1197 3565 parum
1219 3503 1286 3545 ore-

140 3578 250 3660 dibilc,
275 3579 305 3642 ei
324 3601 406 3643 uxor
419 3579 514 3644 Varii
536 3588 616 3660 erat,
639 3578 749 3664 palam
771 3602 843 3643 eam
864 3580 1047 3666 professam
1069 3602 1150 3660 esse,
1173 3581 1227 3646 vel
1249 3592 1286 3645 ut

141 3679 289 3744 Suetonii
311 3681 422 3745 verbis
444 3689 529 3762 utar,
552 3703 686 3745 narrare
707 3688 825 3746 solitam
847 3683 1022 3747 invitatum
1036 3679 1219 3764 Vergilium
1241 3682 1284 3746 ad

141 3781 191 3844 sui
213 3781 491 3864 communionem,
515 3790 613 3866 atque
628 3780 689 3844 hoc
705 3782 802 3845 etiam
818 3784 934 3862 minus,
958 3782 1134 3846 invitatum
1154 3783 1283 3867 abipso

141 3903 197 3946 suo
220 3880 340 3944 marito
356 3881 470 3962 Vario,
494 3881 537 3945 ad
559 3889 741 3946 adulteriora
764 3882 903 3963 scilicet,
928 3883 956 3946 si
979 3904 1058 3948 axor
1080 3890 1161 3946 erat.
1198 3884 1281 3948 Nam

140 3981 315 4045 verborum
344 3982 403 4046 ‘ad
432 3983 689 4046 communionem
718 3983 786 4046 sui'
820 3985 870 4046 vis
900 3983 979 4046 satis
1006 3992 1106 4067 patet.
1157 3985 1283 4049 Vereor

140 4082 242 4164 enim,
270 4091 308 4145 ut
335 4083 464 4146 etiamsi
492 4082 723 4146 calumniatam
751 4105 822 4146 esse
845 4083 985 4148 Plotiam
1013 4105 1107 4146 suum
1130 4085 1281 4148 maritum

139 4181 258 4266 fingas,
292 4182 380 4267 quod
407 4183 591 4248 Ribbcokio
619 4181 757 4268 placuit,
793 4192 895 4248 totam
922 4183 969 4248 ita
996 4205 1064 4247 rem
1092 4184 1282 4269 simpliciter

138 4281 306 4368 expedias.
349 4284 461 4348 Manet
482 4294 589 4349 autem
617 4283 670 4348 vel
699 4285 746 4346 sic
768 4283 956 4369 serupulus,
986 4307 1043 4348 cur
1066 4283 1106 4348 de
1128 4285 1281 4367 coniuga-

137 4381 221 4448 libus
250 4383 325 4448 istis
354 4383 437 4447 inter
459 4382 601 4448 Plotiam
623 4392 656 4448 et
677 4385 815 4448 Varium
844 4383 1025 4449 rationibus
1054 4392 1086 4448 et
1108 4383 1281 4449 Suetonius
