3212 5042
737 426 981 482 enoneeonnxx.

442 597 575 673 supplicia
598 599 747 656 hausurum
770 601 890 674 seopulis
913 607 941 658 et
962 600 1073 658 nomine
1095 597 1161 654 Dido

441 702 521 758 saepe
545 693 726 742 vocaturum*

366 771 416 822 387
439 771 544 826 audiam
568 780 595 826 et
617 771 685 827 lmee
707 773 792 828 ruanis
816 775 905 828 veniet
926 771 992 828 mihi
1015 772 1084 830 lama
1107 771 1157 829 sub
1179 771 1258 832 ixnos,
1348 768 1354 780 '

366 857 416 910 385
439 863 467 911 et
490 874 550 912 eum
574 857 670 928 frigida
694 875 768 912 mors
791 857 879 915 anima
901 858 1039 914 seduxerit
1061 867 1146 922 artus,

440 941 566 998 oumihus
589 942 685 999 umhra
706 941 775 1000 locis
798 943 889 1001 adero.
934 943 1023 1006 dahis,
1046 945 1182 1018 inprobe:
1200 959 1311 1015 poenas.

287 1125 295 1135 '
372 1127 497 1188 Sextum
519 1125 627 1188 librum
649 1135 682 1189 ut
704 1129 844 1189 recitaret
865 1135 953 1208 poeta
976 1127 1085 1208 duplici
1112 1130 1227 1189 ratione
1255 1117 1355 1207 potest
1383 1129 1433 1188 ad-

288 1227 394 1288 ductus
423 1248 503 1289 esse:
537 1231 737 1309 primumut
757 1233 809 1300 010,
839 1233 890 1310 qui
918 1231 954 1291 de
983 1231 1100 1291 lunesto
1123 1229 1245 1291 Didonis
1274 1249 1376 1291 amore
1405 1239 1435 1290 et

289 1331 370 1392 exitu
393 1349 514 1391 carroco
537 1332 718 1402 audiverant,
744 1335 832 1394 etiam
856 1340 1022 1394 extremum
1046 1334 1123 1413 apud
1138 1335 1251 1395 inferos
1267 1337 1433 1414 inplaeatae

287 1433 407 1510 reginae
430 1442 460 1495 et
482 1436 598 1495 Aeneae
622 1453 815 1513 congressum
839 1433 873 1513 (v.
896 1431 960 1496 450
983 1433 1059 1514 sqq.)
1088 1445 1285 1516 proponeret,
1315 1445 1377 1498 tum
1401 1448 1434 1499 ut

264 1534 442 1613 splendida
470 1543 613 1616 nepotum
643 1537 788 1598 Anchisae
819 1540 896 1600 serie
924 1539 1069 1617 producta
1099 1537 1134 1617 (v.
1159 1535 1221 1600 756
1244 1539 1319 1620 sqq.)
1349 1542 1433 1620 iupa-

287 1638 408 1698 tientiae
431 1639 566 1700 Caesaris
588 1641 782 1700 satisfaceret.
832 1641 927 1719 Atque
949 1643 986 1704 ,in
1008 1642 1066 1702 tine
1088 1640 1178 1702 huius
1201 1640 1270 1702 lihri
1291 1642 1432 1721 pulcher·

286 1741 380 1800 rimos
413 1739 449 1800 de
478 1741 615 1802 Marcello
649 1761 752 1802 versus
787 1737 860 1823 (860
886 1743 961 1822 sqq.)
997 1762 1031 1804 ea
1065 1762 1121 1822 qua
1157 1743 1320 1804 excellebat
1352 1747 1434 1805 vocis

291 1842 433 1902 suavitate
457 1843 588 1930 (Seruius
609 1844 681 1904 Aen.
705 1843 759 1904 llll
781 1841 845 1905 324
872 1845 1003 1905 Donatus
1026 1846 1082 1906 vita
1105 1865 1134 1925 p.
1159 1843 1209 1916 61,
1232 1842 1254 1907 5
1276 1845 1331 1927 sq.)
1354 1848 1431 1907 reci·

286 1949 353 2004 tans
376 1946 480 2005 matris
503 1944 640 2006 Octaviae
663 1953 815 2007 recentem
839 1945 972 2007 dolorem
1000 1949 1041 2008 ita
1070 1949 1220 2018 excitavit,
1250 1956 1283 2008 ut
1309 1956 1433 2027 propter

287 2047 412 2106 nimium
435 2042 538 2107 lletum
562 2047 711 2108 silentium
727 2050 911 2128 imperarent
926 2057 1075 2129 parentes,
1099 2051 1156 2110 nisi
1172 2051 1260 2110 finem
1277 2050 1431 2112 00001101·-

286 2146 373 2224 gilius
395 2136 460 2227 ipse
484 2149 607 2210 dixisset
631 2149 759 2230 (Servius
781 2152 853 2211 Aen.
877 2149 1023 2213 1111862.
1063 2152 1194 2213 Donatus
1216 2171 1245 2230 p.
1270 2149 1332 2232 62),

371 2250 528 2312 Marcellus
550 2257 649 2312 autem
673 2271 740 2314 eum
764 2260 890 2314 exeunte
906 2273 984 2314 anno
1001 2251 1060 2314 731
1084 2263 1219 2314 mortuus
1240 2261 1269 2314 et
1292 2263 1433 2332 vergente

287 2349 349 2414 732
370 2355 519 2430 Augustus
541 2355 572 2413 in
596 2354 726 2414 Siciliam
750 2357 903 2435 proiectus
926 2357 973 2426 sit,
997 2355 1077 2416 untle
1101 2374 1177 2416 anno
1202 2353 1263 2417 733
1286 2357 1316 2416 in
1340 2358 1430 2418 Grae·

287 2457 363 2515 eiam
387 2457 502 2516 traiecit
525 2475 558 2516 ae
582 2455 703 2516 demum
733 2475 758 2516 a.
784 2453 846 2518 735
874 2477 899 2518 a.
925 2457 952 2516 d.
977 2456 1029 2517 llll
1050 2456 1092 2517 ld.
1118 2457 1263 2518 Octobres
1290 2457 1432 2519 defuneto

286 2559 342 2617 iam
364 2557 490 2634 Vergilio
507 2558 629 2618 Romam
647 2559 884 2628 rediitsextum
908 2567 988 2620 certe
1010 2558 1120 2620 librum
1141 2577 1266 2620 neeesse
1289 2568 1333 2620 est
1354 2561 1432 2621 intra

265 2640 380 2720 Ι00000
404 2657 462 2720 731
490 2657 603 2720 01732
627 2668 769 2721 exeuntes
791 2667 922 2737 Augusto
950 2669 979 2722 et
1002 2661 1139 2723 Octaviae
1167 2663 1324 2722 recitatum
1355 2681 1431 2722 esse.

287 2763 368 2832 Quos
391 2761 427 2820 ad
451 2755 594 2822 terminos
618 2764 705 2822 etiam
729 2782 772 2822 vv.
797 2759 965 2824 788-807
989 2765 1061 2824 satis
1083 2763 1240 2843 quadrant,
1265 2764 1291 2823 si
1312 2764 1432 2842 quidem

286 2881 346 2923 non
368 2861 563 2942 inprobabilis
586 2871 632 2924 est
647 2865 752 2944 Heyoii
775 2866 956 2934 coniectura,
981 2865 1060 2944 quod
1083 2869 1193 2944 ‘super
1217 2868 1432 2926 0160100000-

285 2974 332 3025 tes
360 2972 389 3025 et
412 2967 518 3026 Indos’
543 2961 624 3046 (795)
648 2965 795 3044 prolatum
818 2968 856 3027 iri
878 2986 894 3027 a
917 2967 1043 3028 Caesare
1069 2968 1230 3045 imperium
1258 2967 1434 3027 vaticinator

285 3067 444 3136 Anchises,
474 3068 653 3144 Aethiopum
675 3069 750 3128 fines
774 3065 965 3130 0111114811
988 3087 1051 3147 sqq.
1075 3067 1297 3146 intellegendos·
1315 3087 1381 3128 esse
1405 3076 1433 3128 et

286 3167 399 3229 bellum
422 3169 582 3247 significari
612 3187 690 3230 anno
714 3167 775 3232 732
798 3190 814 3232 a
837 3171 868 3232 C.
891 3171 1032 3231 Petronio
1060 3169 1138 3231 hene
1166 3178 1282 3247 gestum
1307 3153 1433 3248 (Cassius

286 3271 339 3331 Dio
360 3271 438 3332 Lllll
460 3268 500 3347 5),
525 3272 574 3348 qui
597 3291 674 3332 anno
698 3269 761 3333 734
782 3272 895 3350 legatos
919 3291 1022 3334 eorum
1045 3272 1082 3333 ad
1104 3274 1269 3350 Augustum
1290 3273 1321 3332 iu
1344 3273 1433 3332 Sarno

285 3372 383 3435 insula
407 3373 564 3450 degentem
588 3373 695 3434 deduci
719 3376 831 3435 curavit
854 3372 900 3451 (cl.
926 3373 1032 3436 Strabo
1055 3373 1132 3433 XVll
1155 3392 1183 3452 p.
1207 3369 1270 3434 820
1293 3391 1336 3450 sq.
1375 3373 1433 3434 Pli-

290 3476 356 3535 nius
386 3493 414 3534 n.
443 3473 472 3534 h.
497 3471 607 3544 7129,
633 3472 691 3536 181
720 3494 850 3538 monum.
880 3478 987 3557 Aneyr.
1012 3477 1035 3535 V
1060 3472 1098 3536 18
1121 3495 1184 3555 sqq.
1216 3493 1283 3535 cum
1310 3476 1433 3536 Momm-

234 3653 237 3663 ·
265 3579 349 3648 ¹seni
372 3577 586 3637 commentario
609 3596 637 3655 p.
663 3575 703 3638 73
726 3577 813 3657 sqq).
844 3575 918 3639 Nam'
940 3579 999 3656 ipsi
1011 3579 1203 3640 Garamantes
1226 3579 1358 3654 superati
1381 3576 1432 3637 de·

288 3697 370 3738 mum
393 3698 409 3738 a
432 3677 570 3738 Cornelio
593 3679 684 3739 Balbo
708 3699 836 3758 procos,
860 3677 911 3756 qui
933 3699 1010 3740 anno
1034 3676 1097 3741 734
1119 3699 1144 3739 a.
1162 3679 1189 3739 d.
1207 3679 1244 3740 Vl
1261 3678 1324 3740 llal.
1339 3677 1431 3758 April.

287 3779 559 3859 splendidissimum
584 3799 618 3840 ex
642 3782 741 3842 'Africa
764 3780 948 3860 triumphum
972 3783 1033 3860 egit
1056 3780 1177 3859 (Plinius
1200 3800 1227 3841 n.
1253 3780 1282 3858 h.
1300 3780 1322 3838 V
1337 3777 1367 3848 5,
1391 3777 1434 3842 36

287 3890 342 3944 aet.
365 3881 507 3960 triumph.
525 3882 670 3962 Capitol).
706 3885 743 3944 Et
766 3902 869 3944 versus
891 3885 984 3963 ipsius
1007 3885 1076 3943 a'uni
1098 3879 1159 3944 732
1181 3884 1271 3942 tinem
1293 3883 1433 3961 quoniam

285 3987 316 4043 io
332 3984 461 4045 Siciliam
485 3985 637 4062 profectus
661 3994 706 4046 est
720 3987 880 4062 Augustus,
905 3973 1072 4055 doesnel
1095 3978 1229 4062 ἐκείνην
1252 3975 1308 4042 καὶ
1329 3967 1435 4042 τᾶλλα

286 4073 326 4146 τὰ
348 4081 442 4165 μέχρι
464 4082 522 4164 τῆς
544 4084 674 4165 Συρίας
702 4078 947 4165 καταστήσηται
970 4086 1099 4168 (Cassius
1121 4085 1174 4145 Dio
1197 4083 1274 4144 Lllll
1296 4081 1341 4165 6),
1372 4092 1433 4144 tum

286 4189 414 4249 maxime
437 4206 503 4248 cum
526 4187 664 4257 Hercule,
688 4189 739 4264 qui
762 4187 865 4248 orbem
887 4195 1037 4261 terrarum
1060 4185 1166 4256 obivit,
1191 4188 1357 4264 comparari
1379 4205 1433 4266 po·

286 4297 364 4350 terat
387 4286 457 4367 1801
481 4289 568 4366 sqq).
614 4291 799 4368 Quamquam
822 4291 975 4350 severiore
1004 4290 1053 4367 qui
1076 4283 1119 4348 uti
1141 4287 1230 4348 nralet
1253 4290 1432 4366 interpreta-

286 4392 377 4461 tione,
401 4389 487 4451 iacile
510 4391 677 4452 Conratlino
700 4390 926 4470 adstipulahitur
955 4398 1051 4451 totum
1081 4388 1180 4450 locum
1208 4409 1285 4450 anno
1315 4389 1433 4450 demum

233 4548 236 4558 .
287 4489 350 4554 734
371 4494 507 4554 00010010
529 4491 600 4552 olim
629 4491 706 4552 libro
735 4491 851 4553 additos
873 4494 965 4554 luisse
995 4491 1154 4553 conicienti
1175 4509 1204 4570 p.
1230 4490 1330 4551 XXVl.
1360 4491 1434 4554 Nam
