3230 5046
620 387 864 442 recenseamus.
1252 374 1313 442 179

193 619 196 626 .
252 562 361 626 Parum
382 565 511 627 feliciter
535 567 667 628 criticam
696 574 790 628 artem
819 567 952 628 exercuit
980 568 1022 628 eis
1050 575 1132 628 certe
1159 564 1248 637 locis,
1277 567 1315 628 de

166 667 273 747 quibus
295 668 438 728 traditum
462 677 516 728 est.
547 667 692 729 Perverse
715 670 793 728 enim
816 671 968 748 antiquam
990 671 1169 748 scripturam
1192 670 1224 728 in
1252 671 1316 730 Vde

166 776 313 830 serratam
336 766 433 848 flente
455 769 561 848 quibus
583 777 672 830 torno
690 770 798 843 facilis
821 789 912 849 super
934 771 1032 831 addita
1056 771 1139 830 vitis'
1163 771 1254 830 tuitus
1270 777 1316 830 est
1358 757 1361 764 ’

165 870 204 930 ad
217 869 271 930 ecl.
288 870 329 930 lll
343 867 439 949 38*);
463 870 575 933 Lucani
599 867 707 952 (1675)
731 871 867 950 exemplo
882 871 958 931 male
974 891 1046 932 usus
1068 878 1122 940 est,
1146 879 1180 931 ut
1195 889 1315 950 pravam

119 955 122 962 ’
166 973 292 1033 formam
316 973 427 1033 Edonii
447 951 687 1059 choriambicum,
711 992 799 1052 quam
822 975 1020 1052 grammaticis
1043 975 1253 1052 nescioquam
1277 973 1315 1033 ob

167 1092 285 1135 causam
309 1073 457 1152 placuisse
480 1075 568 1148 etiam
590 1073 656 1134 aliis
685 1074 813 1135 aliorum
841 1083 997 1154 poetarum
1025 1073 1098 1134 locis
1127 1074 1315 1154 corruptelae

167 1175 306 1236 codicum
329 1175 446 1244 docent,
470 1175 597 1236 tortasse
620 1183 651 1235 ct
672 1177 737 1255 ipsc
752 1177 850 1253 aliquo
866 1175 943 1236 libro
958 1177 1160 1254 manuscripto
1176 1177 1314 1244 confisus,

165 1279 196 1336 in
225 1276 347 1354 Vergilii
381 1285 492 1336 textum
525 1277 723 1356 intermitti.
778 1277 960 1338 Prudentius
983 1279 1055 1337 iecit
1077 1277 1155 1356 quod
1185 1276 1316 1337 Probum

167 1368 286 1456 secutus
309 1377 346 1438 de
368 1378 441 1438 deri.
465 1379 502 1439 Vl
527 1375 843 1457 lii‘requirendum
867 1379 963 1440 adhuc
986 1377 1070 1438 esse'
1095 1377 1176 1438 dixit.
1212 1377 1316 1438 Eidem

167 1487 197 1539 et
219 1483 314 1558 Aspre
338 1479 375 1539 de
398 1478 571 1540 difficillimo
594 1478 660 1540 loco
682 1482 754 1540 Aen.
778 1479 827 1540 Vll
849 1476 912 1541 543
936 1479 1108 1540 adsentatus
1137 1487 1197 1548 est,
1227 1495 1316 1554 quem

139 1654 142 1660 Ι
166 1579 339 1641 lacunosum
362 1599 428 1642 esse
451 1569 508 1641 non
531 1582 625 1658 magis
648 1571 736 1658 quam
759 1583 851 1642 ceteri
873 1580 1027 1642 intellexit.
1076 1581 1121 1641 Ne
1148 1581 1317 1659 suspicatus

168 1683 288 1758 quidem
319 1690 378 1752 est,
409 1681 513 1742 leviter
536 1691 709 1761 corruptum
732 1685 891 1744 asseden.
915 1679 1042 1752 11546,
1072 1683 1119 1745 cui
1142 1681 1316 1760 explicando

167 1784 280 1861 frustra
302 1803 424 1863 operam
454 1783 534 1843 dedit
558 1784 650 1861 (Serv.
681 1783 717 1844 ad
740 1784 769 1844 b.
793 1784 812 1844 l.
844 1792 872 1844 et
895 1784 931 1844 ad
954 1801 1000 1862 ge.
1024 1780 1154 1862 1403).-

254 1885 315 1945 Nec
337 1887 448 1946 mirum
471 1884 549 1960 quod
579 1883 736 1946 solvendae
764 1887 969 1964 quaestionum
1000 1884 1065 1944 ‘vel
1092 1886 1255 1946 maximae'
1285 1894 1318 1945 ut

167 1989 264 2065 Asper
287 1986 443 2055 sentiebat,
468 2004 544 2064 quac
567 1993 611 2046 est
633 1987 670 2046 de
691 1993 764 2046 Aen.
787 1985 824 2046 lll
850 1983 922 2055 363,
945 1987 1080 2064 inparem
1104 2004 1136 2046 se
1157 1987 1314 2065 praestitit.

253 2087 377 2148 Frustra
399 2094 433 2146 ut
455 2089 549 2146 ceteri
572 2086 726 2147 desudavit
746 2089 776 2147 in
800 2086 986 2166 expediendo
1000 2088 1075 2147 Aen.
1097 2086 1150 2146 Xll
1172 2083 1236 2148 514
1250 2103 1314 2165 sqq.

168 2188 245 2257 loco,
280 2190 329 2248 cui
350 2186 564 2267 Peerlkampus
587 2188 706 2252 demum
729 2190 917 2267 transpositis
946 2187 1063 2254 duobus
1086 2188 1221 2249 versibus
1242 2184 1315 2250 516.

168 2285 232 2350 515
255 2290 380 2350 salutem
403 2289 481 2350 tulit.
532 2289 589 2350 Sed
617 2289 694 2369 quod
719 2297 770 2379 aut
797 2291 1034 2370 patronymicum
1056 2297 1106 2350 aut
1128 2289 1239 2367 gentile
1262 2308 1315 2350 no·

71 2411 73 2416 ·
168 2410 237 2452 men
253 2390 356 2451 Rutuli
373 2390 482 2467 Oa'ytes
505 2410 570 2452 esse
592 2391 647 2452 sibi
669 2393 827 2470 persuasit,
851 2391 982 2471 prodidit
1004 2410 1035 2451 se
1058 2408 1114 2450 nec
1135 2391 1317 2451 Graecorum

167 2511 224 2552 nec
246 2492 418 2553 Latinorum
442 2495 597 2554 nominum
622 2494 838 2554 accuratiorem
858 2494 992 2554 notitiam
1013 2491 1070 2552 sibi
1086 2493 1314 2572 comparavisse.

168 2594 250 2653 Dixit
272 2595 351 2654 inter
373 2602 522 2656 nostrates
545 2594 582 2654 de
610 2593 721 2673 triplici
748 2595 844 2656 forma
863 2583 1002 2674 Ὀνύτης
1019 2583 1166 2680 Ὀῖιείτης
1189 2581 1317 2672 Ὀνίτης

169 2694 337 2756 Lobeclrius
360 2697 390 2755 in
412 2695 600 2783 pathologiae
624 2715 712 2756 serm.
738 2696 843 2758 Graeci
864 2697 997 2776 prolegg.
1021 2693 1083 2757 387
1106 2715 1149 2775 sq.

254 2796 369 2857 Velium
391 2798 526 2875 Longum
556 2805 676 2858 secutus
705 2797 827 2859 retinuit
855 2801 926 2858 Aen.
957 2794 1068 2858 x245
1095 2798 1245 2874 spectabis
1274 2798 1315 2877 (ut

239 3098 262 3164 *)
281 3100 394 3152 Servius
417 3102 469 3152 ecl.
487 3103 530 3153 111
549 3104 582 3153 38
600 3101 691 3152 ‘lenta
710 3101 809 3166 quibus
827 3105 906 3152 torno
925 3100 1005 3152 facili
1023 3087 1107 3166 super
1125 3101 1222 3152 addita
1239 3096 1317 3166 vitis]

172 3193 248 3236 torno
264 3187 366 3249 facila:
383 3187 510 3236 Dentatus
530 3189 571 3237 sio
589 3185 668 3250 legit.
704 3186 807 3251 legitur
825 3189 919 3235 tamen
938 3190 966 3235 et
984 3195 1057 3236 torno
1073 3187 1154 3249 sacili,
1174 3187 1209 3234 ad
1227 3186 1317 3234 exclu-

172 3270 264 3322 denda
282 3271 335 3320 duo
356 3271 489 3335 epitheta,
510 3272 583 3336 quod
602 3275 644 3320 est
663 3272 691 3320 in
709 3269 852 3320 latinitate
869 3271 1008 3332 vitiosum,
1029 3271 1053 3320 si
1071 3272 1107 3320 sit
1128 3270 1206 3319 lenta
1223 3270 1317 3320 facilis

170 3356 263 3414 vitis’.
299 3355 410 3406 Servius
428 3356 496 3409 Aen.
515 3355 544 3405 II
562 3358 611 3406 392
631 3359 701 3404 ‘non
726 3356 798 3404 enim
822 3359 885 3404 sunt
908 3353 960 3404 duo
985 3354 1124 3418 epitheta,
1149 3353 1221 3419 quod
1244 3354 1318 3418 apud

170 3439 290 3490 Latinos
313 3441 442 3490 vitiosum
467 3444 518 3490 est.
560 3440 628 3490 tecit
650 3439 703 3488 hoo
725 3443 819 3488 temen
837 3439 912 3504 Virg.
935 3439 965 3488 in
986 3440 1084 3503 paucis
1106 3440 1246 3502 versibus,
1271 3440 1318 3503 qui

172 3530 267 3574 tamen
286 3523 424 3574 emendati
443 3530 507 3574 sunt
524 3529 555 3573 ut
574 3524 625 3575 ecl.
643 3525 685 3575 III
703 3526 749 3587 385
763 3539 827 3574 cum
846 3527 910 3572 ante
927 3515 1013 3584 fidedic
1030 3523 1140 3578 fuerit’.

226 3623 263 3690 Ι’*)
283 3625 396 3676 Servius
414 3627 482 3676 Aen.
501 3626 555 3675 ΧΗ
574 3627 623 3677 365
642 3626 747 3676 ‘Edoni
764 3625 878 3674 Thracii
897 3665 903 3676 .
924 3662 929 3673 .
950 3663 957 3679 .
977 3663 984 3676 .
1003 3642 1071 3676 sane
1090 3625 1244 3690 sciendum,
1263 3626 1338 3676 hoc-

168 3711 232 3762 loco
252 3725 360 3760 errasse
373 3711 522 3772 Donatum,
543 3711 589 3774 qui
601 3711 670 3760 dicit
682 3711 779 3761 Edonii
795 3709 952 3775 legendum,
971 3714 1002 3760 ut
1020 3713 1053 3761 do
1065 3711 1158 3765 brevis
1170 3711 1206 3760 sit
1219 3725 1316 3761 secun·

168 3794 232 3844 dum
245 3796 396 3858 Lucanum,
416 3796 462 3859 qui
481 3795 549 3844 dicit
568 3795 592 3858 (I
610 3794 670 3858 oto)
691 3795 808 3845 «Edonis
826 3795 936 3860 Ogygio
954 3794 1077 3845 decurrit
1093 3791 1177 3860 plena
1194 3795 1315 3858 Lyaeo».

169 3895 287 3943 namque
313 3883 418 3930 certum
443 3884 485 3929 est
508 3878 633 3942 systolen
656 3881 759 3930 fecisse
782 3879 933 3928 Lucanum.
967 3878 1038 3929 unde
1061 3879 1149 3929 Edoni
1170 3879 1317 3944 legendum

173 3967 225 4028 est,
252 3967 283 4013 ut
301 3965 339 4014 sit
355 3963 401 4012 hic
419 3963 547 4024 Edonus,
575 3963 655 4014 huius
673 3964 773 4032 Edoni.
817 3961 924 4013 Statius
951 3969 979 4013 et
1000 3963 1146 4028 Virgilium
1174 3967 1202 4014 et
1228 3968 1315 4014 artem

149 4065 283 4150 'secutus
311 4073 364 4149 ait:
399 4099 505 4149 tristius
528 4098 638 4150 Edonas
662 4099 766 4148 hiemes
781 4103 823 4134 '-
845 4114 899 4150 non
921 4080 1067 4148 Edonias’.
1111 4053 1263 4148 EDONElP
1286 4099 1319 4148 M

167 4183 265 4234 udonii
283 4199 314 4249 pt
334 4198 398 4248 ergo
418 4184 599 4234 diasceuastae
611 4183 732 4234 Medicei
751 4184 903 4248 exemplari
922 4184 957 4233 ad
969 4184 1075 4234 Donati
1092 4187 1196 4232 textum
1213 4181 1316 4247 scripto

166 4283 234 4318 naus
253 4273 311 4331 θεῖς
335 4267 364 4317 in
381 4267 507 4319 Palatini
526 4257 558 4318 et=
572 4262 692 4318 Gudiani
711 4269 859 4333 archetypo
884 4269 1008 4332 ascripta
1025 4267 1136 4320 videtur
1157 4267 1244 4316 fuisse
1261 4267 1317 4316 Do-

167 4353 229 4402 nati
247 4353 340 4405 lectio.
382 4351 510 4402 Ceterum
530 4357 642 4417 praeter
659 4351 817 4402 Bentleium
840 4355 869 4402 in
888 4352 949 4404 adn.
971 4354 1032 4406 erit,
1056 4351 1198 4408 laudatum
1227 4350 1263 4401 cf.
1281 4351 1314 4400 L.

166 4436 287 4488 Mueller
304 4437 337 4487 dc
356 4452 385 4486 re
405 4454 439 4486 m.
459 4438 517 4488 352.
1062 4446 1064 4450 ’

1008 4490 1010 4495 ’
1047 4517 1112 4582 12*
