3172 5038
337 367 401 431 364
784 390 1031 434 roocuaoumm.

338 557 520 624 reseruntur,
544 575 619 636 quae
641 556 677 618 ad
701 563 817 635 pastum
841 575 899 617 non
915 557 1066 618 sufficiunt
1090 559 1167 637 (nam
1184 567 1353 635 pascuntur
1374 561 1479 620 iuvenci

338 675 471 734 quoque:
497 657 550 717 ecl.
574 656 623 717 Vll
648 655 685 717 ll
720 677 765 736 ge.
790 658 803 718 Ι
828 655 886 738 15),
911 665 974 719 tum
997 666 1030 719 ut
1051 659 1198 720 frumenta
1223 667 1252 719 et
1273 661 1379 721 vineta
1402 661 1477 720 intel-

305 818 310 828 ,
337 757 482 836 legantur.
575 757 665 820 Valde
688 768 842 838 suspectus
872 778 959 838 quem
987 777 1034 837 ge.
1059 759 1111 820 llll
1134 757 1197 822 355
1227 763 1433 840 eMPRyocq
1458 771 1481 821 et

341 860 460 920 Servius
482 867 603 922 tuentur
626 861 777 938 spondeus
800 864 907 930 Penei,
941 862 991 940 qui
1013 861 1233 922 commentandi
1261 881 1355 923 causa
1386 881 1478 940 supra·
1550 909 1551 922 ,

339 963 468 1040 scriptus
491 962 560 1041 quid
582 964 766 1041 potissimum
793 969 873 1022 textu
896 962 1044 1041 expulerit
1066 962 1186 1023 difficile
1205 964 1285 1025 dictu
1304 971 1371 1024 est:
1396 969 1481 1026 nostri

339 1081 434 1142 nuper
456 1063 671 1142 Peerlkampus
693 1066 857 1143 proposuit.
927 1109 929 1114 -

421 1167 569 1244 Corrupto
592 1166 736 1226 Aeneidis
758 1164 921 1244 exemplari
944 1167 1000 1224 iam
1025 1165 1114 1226 Silius
1137 1166 1280 1245 deceptus
1310 1175 1376 1236 est,
1407 1167 1479 1246 quil

337 1264 397 1328 317
429 1286 494 1327 curn
519 1267 709 1345 MPBphcp,
746 1267 946 1344 grammaticis
975 1273 1004 1325 et
1032 1269 1083 1345 qui
1112 1269 1175 1346 ipse
1203 1269 1336 1344 graviter
1367 1267 1480 1328 offendit

337 1368 439 1428 Servio
462 1369 594 1430 Hebrum
616 1368 696 1445 legit,
718 1385 808 1464 quem
833 1367 944 1427 dehere
967 1369 1105 1428 Eurum
1128 1386 1194 1428 esse
1218 1370 1336 1428 monuit
1360 1369 1478 1446 liutger·
1552 1431 1553 1452 χ

337 1470 405 1538 sius
430 1476 459 1528 et
482 1477 592 1530 mutata
616 1468 708 1529 semel
730 1470 753 1528 V
774 1471 805 1528 in
827 1469 859 1538 B,
885 1477 917 1530 ut
940 1466 1000 1528 m.l
1017 1471 1084 1546 inp
1107 1476 1187 1529 extat
1208 1471 1319 1538 ebrum,
1348 1469 1479 1548 proclivis

337 1572 507 1630 coniectura
537 1577 601 1630 erat
629 1589 694 1630 eum
724 1569 867 1630 Thraciae
895 1570 1017 1630 llumine
1052 1572 1183 1649 quamvis
1216 1569 1296 1630 lento
1327 1570 1477 1632 Threissae

338 1673 464 1731 laminae
489 1689 610 1732 cursum
639 1674 815 1750 comparari.
869 1671 911 1732 Cf.
936 1669 1087 1732 Bentleius
1116 1671 1151 1731 ad
1179 1671 1249 1731 Hor.
1279 1691 1376 1732 carm.
1403 1668 1477 1734 125.
1552 1669 1553 1672 ’

336 1769 387 1832 20.
485 1774 528 1833 Er
562 1771 666 1833 similis
698 1772 755 1833 loci
777 1773 804 1833 X
825 1769 888 1834 563
916 1775 1138 1851 comparatione
1170 1772 1293 1833 inlatum
1323 1770 1425 1834 1343
1454 1773 1477 1830 in

340 1875 488 1952 Mliyhcp
511 1874 587 1952 (nam
611 1873 648 1934 de
664 1876 692 1934 P
709 1893 769 1934 non
793 1873 893 1950 liquet)
913 1883 942 1934 et
957 1875 1052 1934 Servii
1068 1874 1191 1952 Pompei
1206 1873 1381 1934 Cassiodori
1397 1873 1477 1934 lihros

337 1979 419 2053 apri,
443 1989 520 2036 cum'
533 1994 588 2036 nec
604 1975 639 2036 ad
654 1975 836 2036 Phoenicum
856 1977 987 2036 rationes
1010 1974 1087 2035 hene
1110 1975 1235 2053 quadret
1256 1994 1402 2037 arvorum
1425 1975 1477 2034 laus

338 2085 367 2137 et
396 2085 455 2137 tota
487 2079 618 2138 narratio
643 2075 823 2156 (Pygmalion
855 2079 938 2137 ‘auri
967 2094 1072 2138 caecus
1101 2079 1219 2137 amore'
1243 2073 1322 2146 349,
1356 2075 1477 2138 thesauri

254 2243 256 2246 Α
337 2177 442 2238 tellure
466 2178 582 2247 reclusi,
606 2181 757 2256 ‘ignotum
780 2180 894 2257 argenti
918 2177 1035 2256 pondus
1062 2187 1093 2239 et
1110 2181 1193 2240 auri'
1221 2162 1283 2240 358
1299 2198 1366 2259 sq.,
1390 2177 1477 2239 ‘avari

341 2279 566 2358 Pygmalionis’,
592 2279 856 2348 heredisscilicet,
888 2281 997 2358 ‘opes'
1013 2277 1084 2360 364)
1102 2280 1214 2358 llagitet
1238 2284 1329 2341 euri
1357 2296 1476 2340 comme·

339 2382 544 2449 morationem,
576 2399 663 2458 quam
687 2381 793 2440 lluetio
817 2389 937 2440 auctore
960 2383 991 2440 in
1014 2389 1127 2442 textum
1157 2383 1293 2460 recipere
1316 2400 1380 2442 uon
1403 2379 1476 2440 dubi-

338 2483 403 2541 tavi.
488 2479 587 2555 ,Varia
616 2483 673 2542 iam
703 2489 815 2542 veteres
839 2489 1060 2561 temptaverunt
1085 2491 1115 2542 ut
1137 2483 1209 2542 hen.
1242 2481 1269 2542 ll
1293 2478 1475 2560 lhexpedi-

338 2590 412 2640 rent.
462 2567 580 2642 Tradita
609 2601 684 2662 quac
708 2586 829 2644 suntin
853 2583 935 2644 lihris
959 2585 1124 2662 MPpahcp
1147 2591 1177 2643 et
1204 2583 1280 2662 apud
1305 2584 1441 2645 Servium

693 2706 836 2762 hortamur
851 2707 917 2768 lari,
935 2723 989 2779 quo
1005 2707 1137 2776 sanguiue
1152 2713 1242 2761 cretus

492 2847 496 2856 ,
555 2789 652 2862 quidve
667 2790 751 2853 ierat,
769 2800 902 2846 memoret
918 2807 987 2864 quae
1004 2793 1040 2846 sit
1055 2789 1151 2846 fiducia
1166 2799 1262 2863 capto,

337 2911 419 2962 recte
443 2885 564 2987 delendi
586 2923 645 2964 non
674 2912 808 2983 possunt.
860 2906 933 2966 Nam
963 2923 1018 2964 nec
1047 2905 1182 2964 nuntium
1212 2903 1332 2964 adferre
1366 2911 1475 2983 captum

338 3005 488 3064 hominem
512 3005 658 3066 Graccum
683 3007 778 3066 conici
806 3025 861 3066 nec
889 3007 925 3066 de
948 3007 1095 3083 gementis
1118 3013 1147 3064 et
1168 3023 1314 3066 summam
1338 3007 1475 3084 despera·

339 3107 447 3165 tionem
470 3105 636 3167 simulantis
659 3103 710 3186 (69
733 3106 808 3186 sqq.)
834 3107 939 3168 iiducia
967 3106 1025 3166 ulla
1056 3108 1158 3184 quaeri
1187 3114 1313 3186 poterat.
1369 3104 1475 3167 Turbae

339 3207 385 3266 hic
408 3225 527 3287 quoque
555 3207 663 3269 inlatae
691 3216 760 3268 sunt
789 3208 938 3286 adscripto
968 3207 1057 3268 simili
1088 3206 1155 3266 loco
1178 3215 1249 3268 Aen.
1274 3207 1299 3267 X
1327 3205 1390 3269 149
1411 3223 1475 3282 sqq,

250 3333 253 3342 v
338 3307 389 3368 arbi
411 3311 525 3370 Aeneas
549 3307 717 3370 Tarchonte

540 3449 633 3506 regem
649 3431 704 3488 adit
720 3439 747 3488 et
762 3432 821 3504 regi
838 3440 969 3487 memorat
984 3447 1140 3504 nomenque
1157 3447 1299 3504 genusque

540 3517 639 3589 quidve
654 3524 730 3588 petat
746 3516 844 3588 quidve
861 3515 919 3588 ipse
936 3516 1004 3572 serat
1050 3545 1085 3555 -
1124 3547 1165 3554 —

514 3759 517 3762 ’
548 3800 583 3808 -
609 3768 735 3824 humanis
751 3784 820 3841 quae
837 3769 873 3824 sit
889 3767 986 3824 fiducia
1002 3769 1084 3824 rebus

541 3853 668 3909 admonet
683 3868 708 3908 e.
724 3870 752 3924 q.
767 3869 789 3908 a.

340 3967 397 4026 Sed
423 3967 599 4027 emendandi
622 3986 707 4028 causa
738 3967 918 4028 conserenda
947 3975 1031 4028 erant
1060 3986 1094 4026 ex
1117 3969 1189 4028 hon.
1212 3963 1337 4027 111608
1362 3986 1407 4045 sq.
1436 3963 1477 4025 uhi

339 4067 572 4128 Achaemenides
595 4068 768 4128 adducitur:

802 4174 848 4246 qui
864 4176 901 4229 sit
917 4173 981 4236 lari,
999 4191 1053 4246 quo
1071 4175 1204 4244 sanguine
1221 4181 1313 4229 cretus

492 4258 648 4318 hortamur,
666 4274 735 4329 quae
750 4257 847 4313 deinde
862 4259 949 4331 agitet
965 4258 1074 4314 fortuna
1091 4259 1177 4314 lateri.

493 4344 552 4416 ipse
568 4349 645 4414 pater
660 4341 780 4398 dextram
797 4342 929 4398 Anchises
946 4343 1011 4397 hant
1026 4343 1109 4398 multa
1126 4349 1248 4398 moratus

491 4428 537 4483 dat
552 4427 657 4489 iuveni,
676 4434 758 4500 atque
774 4428 892 4482 animum
909 4428 1046 4500 praesenti
1063 4427 1178 4500 pignore
1193 4425 1290 4481 firmat.
