3212 5042
596 450 838 494 Paonnconnnn.
1247 430 1285 492 61

142 631 242 680 verum
267 626 314 680 est
342 620 420 678 inter
449 637 473 678 v.
500 595 560 679 787
585 615 698 679 11808
726 619 761 678 ad
792 619 933 678 orationis
962 620 1186 680 continuitatem
1216 618 1288 678 nibil

141 721 316 783 desiderari.

225 825 302 884 Ante
326 824 461 900 quintum
486 840 555 882 vero
577 819 687 882 librum
711 823 908 900 compositum
938 839 1004 882 esse
1026 827 1141 882 sextum
1167 840 1202 882 eo
1225 823 1288 901 qui-

141 925 208 986 dem
232 925 372 996 consilio,
396 933 429 986 ut
452 931 591 1004 quartum
614 925 747 1002 proxime
771 930 958 1002 sequeretur,
990 924 1083 983 sirmis
1106 926 1289 1001 argumentis

140 1028 355 1090 demonstravit
382 1027 461 1087 idem
489 1028 534 1086 vir
563 1025 668 1086 doctus
696 1043 726 1104 p.
750 1024 814 1086 Vlll
837 1042 902 1105 sqq.
943 1025 1015 1086 Nam
1040 1027 1091 1102 qui
1114 1025 1287 1086 Palinurum
1315 1057 1318 1062 ·

143 1125 264 1190 v1354
287 1129 435 1191 dicentem
458 1129 529 1188 lecit
552 1147 585 1187 se
608 1128 742 1187 timuisse
765 1145 803 1186 ne
827 1131 967 1187 ‘excussa
991 1127 1132 1202 magistro
1148 1126 1289 1187 deiiceret

141 1234 235 1291 tontis
257 1233 339 1292 navis
361 1231 555 1306 surgentibus
570 1231 684 1296 ondis’,
708 1247 768 1314 non
784 1229 913 1305 respexit
930 1246 1001 1288 sane
1017 1229 1151 1306 quintum
1169 1227 1286 1297 librum,

140 1332 192 1392 ubi
225 1339 254 1392 et
284 1341 351 1394 ante
382 1351 483 1394 casum
513 1330 685 1394 subsedisse
713 1330 810 1390 undae
840 1337 869 1389 et
898 1329 1009 1406 fugisse
1037 1331 1117 1389 venti
1147 1325 1221 1406 (820
1242 1347 1287 1407 sq.

140 1430 212 1494 844.
234 1434 282 1494 'ci
313 1409 384 1514 851)
415 1443 444 1494 11
472 1440 628 1513 postquam
658 1432 764 1492 cecidit
791 1432 962 1492 cucurrisse
997 1431 1071 1490 ‘iter
1103 1437 1200 1490 tutum
1230 1449 1289 1491 non

139 1537 234 1596 setius
257 1553 390 1611 aequiore
412 1535 533 1596 elassis'
558 1536 592 1613 (1.
618 1530 689 1612 862)
714 1541 867 1601 narratum
892 1533 981 1609 idque
1003 1533 1061 1592 iarn
1076 1531 1289 1612 Peerlkampus

142 1637 358 1698 animadvertit.
410 1638 504 1708 Quem
534 1654 571 1696 ne
592 1635 672 1695 ‘illud
701 1635 818 1714 quidem
842 1635 924 1712 sugit,
955 1636 1076 1694 minime
1099 1653 1164 1694 oum
1187 1653 1288 1696 rerum

143 1739 248 1799 ordine
276 1739 385 1798 tradito
415 1738 567 1798 conciliari
596 1756 684 1816 posse
720 1737 799 1816 quod
827 1755 852 1796 v.
876 1733 939 1797 355
972 1740 1026 1797 tris
1059 1737 1201 1797 hibernos
1233 1755 1288 1815 per

142 1833 271 1917 aequora
294 1829 400 1902 noctes
422 1859 454 1900 se
477 1846 594 1900 vectum
617 1840 664 1898 vix
691 1842 802 1900 lumine
826 1847 940 1914 quarto
962 1837 1073 1898 ltaliam
1098 1832 1288 1917 prospexisse

142 1949 302 2020 terraeque
325 1941 479 2002 adnavisse
509 1948 538 2000 et
566 1949 627 2000 tum
656 1940 775 2000 demum
804 1939 942 1999 fluctibus
971 1939 1072 1999 datum
1101 1959 1165 2000 esse
1188 1949 1289 2000 narrat
1381 1935 1383 1938 ’

144 2042 225 2102 idem
247 2042 421 2113 Palinurus,
455 2062 521 2104 cum
537 2041 581 2102 -ab
604 2041 654 2101 illo
678 2043 729 2118 qni
750 2040 820 2101 libri
848 2043 943 2119 quinti
966 2043 1045 2100 exitu
1070 2041 1196 2102 traditur
1218 2060 1288 2102 casu

142 2143 353 2221 gubernatoris
375 2163 470 2223 usque
493 2145 528 2204 ad
551 2143 632 2204 bunc
654 2143 731 2221 apud
754 2143 866 2202 inferos
895 2159 1088 2220 congressum
1112 2142 1286 2212 secundum,

141 2264 200 2306 uon
231 2254 368 2323 quartum
398 2247 476 2306 diem
505 2264 571 2307 esse
600 2243 795 2324 probabiliter
823 2243 988 2321 colligatur.
1040 2245 1121 2315 erae
1150 2245 1288 2304 facillime

142 2347 276 2428 expediri
299 2349 371 2408 vidit
394 2348 525 2408 Conrads
548 2367 575 2426 p.
601 2347 708 2417 XXlll,
739 2349 765 2407 si
787 2345 856 2406 libri
880 2347 976 2422 quarti
999 2352 1206 2424 argumentum
1238 2364 1287 2406 ex-

101 2501 107 2509 .
142 2451 258 2528 cepisse
281 2453 421 2511 statuitur
444 2457 555 2510 sextus.
580 2449 654 2510 Nam
670 2451 695 2510 si
712 2450 810 2510 statim
827 2447 1004 2525 Cartbagine
1021 2448 1127 2508 Crrmas
1143 2450 1289 2525 navigavit

140 2553 265 2621 deneas,
290 2569 346 2612 nec
369 2559 430 2611 tres
453 2558 556 2611 noctes
579 2550 722 2612 hibernae
744 2549 812 2612 illae
837 2551 871 2632 (v.
888 2547 960 2630 355)
984 2549 1137 2610 offendunt
1160 2558 1189 2610 et
1210 2549 1289 2627 quod

140 2653 388 2732 ε1311111011111111
412 2657 519 2714 cursu'
545 2648 625 2730 (338)
657 2651 803 2712 excidisse
826 2653 934 2713 dicitnr
962 2652 1051 2712 bomo
1073 2651 1176 2712 infelix
1199 2654 1288 2731 aptis·

139 2755 248 2815 simum
270 2763 308 2816 ‘et
336 2760 458 2816 ‘reeens
489 2772 504 2813 a
533 2753 673 2814 volnere'
702 2753 776 2814 Dido
806 2751 888 2832 (450)
923 2755 932 2786 ³
941 2763 1008 2832 post
1035 2762 1173 2833 quartum
1201 2757 1287 2832 quin·

141 2864 240 2917 tumve
265 2876 279 2916 a
304 2859 400 2918 morte
424 2857 504 2916 diem
527 2857 574 2931 (cf.
600 2875 625 2914 v.
649 2851 722 2934 356)
752 2855 820 2935 plus
850 2855 1066 2935 probabibtatis
1088 2857 1178 2917 babet
1199 2876 1288 2936 quam

138 2955 369 3038 post'quartum
394 2967 424 3019 et
447 2960 621 3036 vigesimum
646 2957 693 3034 (11.
718 2955 807 3018 142.
833 2954 903 3018 104.
928 2954 999 3018 762.
1017 2956 1078 3019 766
1102 2956 1288 3039 11356).’*)

138 3060 296 3122 Praeterea
319 3062 434 3122 monuit
456 3059 679 3138 Peerlkampus
704 3061 872 3136 quitatum
897 3059 934 3119 de
955 3059 1095 3120 Palinuro
1120 3061 1287 3140 cpisodium
1338 3045 1342 3054 “

140 3179 176 3221 ex
199 3161 257 3222 boc
279 3162 357 3222 libro
381 3161 533 3222 exturbari
556 3161 656 3232 voluit,
681 3161 885 3239 de‘responso
902 3161 1053 3242 Apollinis,
1077 3163 1156 3240 quod
1181 3182 1204 3223 v.
1222 3161 1286 3223 344

141 3271 341 3335 memoratur,
372 3281 518 3340 nusquam
543 3279 710 3324 sermonem
734 3264 808 3323 lieri.
860 3263 918 3324 Sed
947 3266 1063 3325 initium
1092 3264 1178 3344 quale
1207 3283 1287 3324 nunc

139 3364 267 3442 legimus
292 3368 369 3426 sexti
391 3365 461 3426 libri
484 3373 599 3426 certum
621 3366 756 3444 prolecto
780 3372 825 3425 est
848 3385 883 3426 ex
907 3367 1017 3442 quinti,
1047 3385 1107 3426 non
1131 3385 1165 3426 ex
1190 3367 1288 3446 quarti

142 3469 224 3527 exitu
252 3467 401 3546 pendere:
439 3485 510 3546 ergo
539 3469 661 3528 mutavit
693 3467 767 3528 baec
796 3468 935 3529 secundis
963 3471 1044 3528 curis
1072 3469 1286 3549 Vergiliostt).

209 3653 235 3715 *)
255 3655 347 3704 Minus
367 3655 393 3704 ei
411 3655 453 3704 rei
471 3655 622 3715 tribuerim,
643 3655 715 3719 quod
734 3657 763 3705 iu
782 3660 861 3706 sexto
879 3655 950 3706 libro
968 3656 1130 3717 Palinurus,
1158 3660 1230 3708 ‘dnm
1250 3661 1286 3709 si·

139 3741 204 3788 dero
221 3745 325 3789 seroot’
346 3737 419 3804 (338)
440 3740 574 3790 excidisse
594 3741 679 3805 puppi
694 3741 800 3790 dicitur
819 3750 847 3790 11
865 3742 925 3806 ipse
939 3757 968 3791 se
981 3743 1211 3808 praecipitantem
1230 3749 1285 3794 tra·

90 3851 102 3874 1,
137 3825 211 3874 uisse
231 3839 324 3874 secum
344 3825 562 3889 gubernaculum
581 3831 729 3892 memorat,
755 3827 815 3876 ‘cui
839 3827 920 3878 datus
944 3829 1094 3878 haerebam
1117 3835 1210 3879 custos
1229 3847 1286 3880 cor·

136 3923 228 3974 erisque
245 3910 378 3973 repebcm’
403 3907 490 3974 (350),
518 3925 580 3961 eum
605 3917 699 3962 tamen
724 3913 752 3960 in
776 3912 872 3975 quinto
892 3929 985 3963 somno
1005 3929 1152 3979 oppressus
1170 3918 1207 3964 sit
1225 3918 1286 3978 (854
1322 3921 1329 3930 “

137 3993 216 4058 sqq).
253 3995 323 4044 Nam
343 3995 388 4044 hic
408 4011 515 4060 quoque
535 3996 660 4047 ‘clavom
679 3997 784 4046 adfixus
804 4001 831 4047 et
848 3997 967 4048 haerens
985 4013 1120 4062 nusquam
1139 4001 1286 4049 amittebat

138 4079 286 4142 oculosque
302 4079 351 4130 sub
366 4083 442 4130 astra
460 4080 590 4132 tenebat’
610 4079 671 4145 (852
689 4079 744 4147 sq.)
764 4087 793 4132 et
810 4083 871 4133 ‘vix
887 4085 983 4146 primm
999 4083 1113 4147 inopina
1130 4085 1208 4147 quies
1226 4085 1284 4142 lar-

137 4168 234 4214 averat
251 4168 341 4214 artus’
362 4161 449 4227 (857),
475 4181 535 4216 cum
559 4167 698 4231 proiectus
722 4172 764 4217 est
785 4168 815 4216 in
837 4167 933 4218 undas.
974 4167 1047 4231 Ergo
1066 4169 1180 4218 tenebat
1200 4170 1283 4218 etiam

136 4253 191 4298 tum
211 4249 430 4314 gubernaculum
449 4250 568 4300 necdum
588 4267 694 4302 omnem
714 4266 807 4303 euram
830 4253 910 4302 navis
934 4253 1072 4316 regendae
1097 4255 1153 4303 nisi
1174 4255 1203 4302 iu
1227 4256 1283 4304 exi·

135 4347 217 4398 guum
235 4335 368 4398 temporis
386 4341 554 4385 momentum
574 4338 714 4386 amiserat.

185 4417 228 4482 **)
250 4419 328 4482 Quae
349 4421 462 4485 scripsit
474 4421 599 4471 Conrads
613 4439 638 4486 p.
651 4421 755 4472 XXIV:
775 4427 852 4470 ‘cum
867 4421 938 4471 libro
952 4423 1047 4487 quinto
1061 4423 1178 4474 nondum
1191 4427 1282 4475 mente

136 4511 269 4571 concepto
298 4510 402 4556 sextum
423 4511 600 4570 componeret
619 4506 758 4570 Virgilius,
782 4507 855 4558 aliud
876 4523 955 4573 quam
977 4509 1083 4562 autu
1107 4509 1216 4560 initium
1235 4525 1281 4560 cn·
