3276 5050
641 406 884 452 rnonsoounuA.
1272 387 1333 452 123

143 668 146 676 Ι
189 583 297 664 quibus
331 583 434 644 eadem
466 598 555 644 manu
588 586 740 642 correctus
767 581 797 640 R
823 578 953 648 accedit,
988 577 1039 639 ubi
1066 510 1204 640 lulloni
1240 586 1332 638 extat:

189 687 324 747 neutrius
346 704 363 746 a
385 685 520 765 partibus
547 690 627 745 stant
654 685 710 762 pb,
744 683 795 761 qni
822 684 926 742 iuccct
952 679 1077 750 habent,
1112 698 1189 758 quae
1219 680 1333 740 videtur

190 788 277 851 Gellii
298 795 394 849 aetate
417 788 453 864 (ll
476 785 505 865 3)
529 787 658 864 vulgaris
680 783 864 845 consuetudo
886 784 987 846 luisse.

274 892 408 968 lienique
428 911 449 969 y
471 887 602 950 vocalem
624 887 746 948 Graecis
776 884 923 948 vocabulis
952 886 1148 948 necessariam
1184 884 1335 945 aLatinis

190 993 295 1074 procul
322 993 462 1055 habuisse
484 991 650 1052 Modestum
678 991 703 1050 si
731 1007 767 1050 ex
791 988 915 1050 Charisii
944 1007 972 1066 p.
997 984 1039 1048 80
1061 985 1093 1048 P.
1118 983 1200 1066 (103,
1223 984 1265 1048 28
1287 985 1333 1062 Κ.)

191 1096 290 1158 verbis
311 1103 393 1156 recte
417 1094 560 1164 elicimus,
581 1095 612 1153 in
634 1091 689 1152 hac
712 1109 832 1173 quoque
853 1108 887 1150 re
903 1089 1019 1162 videtur
1031 1088 1136 1150 Verrio
1152 1088 1260 1151 Flacco
1282 1087 1333 1148 ad·

191 1207 323 1261 versatus
346 1217 425 1268 esse,
459 1199 515 1276 qui
532 1195 657 1257 eandem
685 1214 752 1257 esse
774 1193 853 1273 apud
876 1192 1026 1254 Romanos
1049 1211 1069 1252 u
1091 1191 1231 1261 litteram,
1257 1207 1332 1268 quae

191 1301 269 1381 apud
292 1301 423 1361 Graecos
445 1317 468 1358 o
491 1306 583 1368 esset,
614 1297 758 1377 exemplis
780 1295 953 1376 probavisse
977 1295 1072 1368 lertur
1095 1293 1210 1354 aVelio
1233 1293 1335 1371 Longo

191 1423 219 1483 p.
243 1399 337 1465 2215.
383 1402 461 1480 Ergo
484 1401 664 1480 ubicumque
693 1396 958 1479 apud'Vergilium
986 1398 1016 1456 in
1040 1396 1162 1457 Graecis
1191 1395 1339 1457 vocabulis

190 1525 210 1583 y
232 1512 351 1566 servant
374 1505 500 1573 codices,
524 1503 590 1564 lulii
604 1501 740 1571 Modesti,
763 1500 818 1589 ubi
837 1519 857 1562 u
878 1499 1009 1559 vocalem
1026 1498 1217 1568 substituunt,
1242 1497 1339 1559 Verrii

193 1607 290 1669 Flacci
313 1608 518 1668 auctoritatem
541 1623 747 1684 agnoscemus.
792 1605 828 1664 At
850 1608 936 1682 poeta
959 1603 1023 1681 ipse
1046 1602 1171 1671 aurium,
1195 1602 1226 1662 ni
1242 1599 1338 1670 lallor,

192 1727 252 1771 non
275 1709 538 1790 grammaticorum
560 1707 701 1768 iudicium
724 1712 844 1767 secutus
868 1710 921 1765 est.

727 1941 803 2024 ge.

279 2118 321 2178 lle
342 2119 376 2179 L.
400 2119 529 2178 Annaeo
552 2117 682 2177 corneto
710 2114 916 2176 dissecuerunt
938 2117 971 2178 0.
995 2116 1115 2178 Iahnius
1143 2115 1274 2196 prolegg.
1305 2117 1341 2176 ad

195 2221 329 2281 Persium
357 2239 385 2299 p.
410 2202 474 2280 lllll
497 2236 561 2298 sqq.
592 2224 622 2278 et
645 2216 824 2278 Villoisonus
849 2219 881 2280 in
909 2218 1130 2298 prolegomenis
1158 2218 1194 2279 ad
1217 2218 1341 2279 Cornuti

196 2322 233 2382 de
256 2328 362 2382 natura
385 2321 512 2386 deorum
535 2319 645 2381 librum
670 2338 745 2400 quae
767 2322 848 2381 auxit
863 2321 1010 2384 Osannus.
1046 2321 1173 2401 Scripsit
1195 2321 1290 2380 Persii
1312 2327 1342 2380 et

194 2424 307 2485 Lucani
329 2431 521 2503 praeceptor,
552 2421 750 2510 philosophus
779 2421 857 2483 idem
887 2431 916 2484 et
944 2423 1047 2484 rhetor
1071 2431 1101 2484 et
1122 2422 1339 2502 grammaticus,

198 2527 348 2587 Aeneidos
377 2527 622 2600 commentamur,
653 2543 781 2604 quorum
809 2544 825 2585 a
849 2525 981 2588 Charisio
1007 2543 1036 2604 p.
1069 2521 1130 2586 102
1158 2529 1342 2585 memoratur

195 2631 273 2690 liber
295 2630 437 2702 decimus,
462 2646 517 2688 nec
540 2626 676 2688 diversus
698 2625 734 2687 ab
758 2645 794 2686 eo
809 2626 964 2689 habendus
979 2617 1031 2708 qui
1047 2627 1134 2707 paulo
1151 2634 1218 2686 ante
1233 2646 1262 2706 p.
1282 2623 1343 2687 100

197 2729 234 2790 ab
258 2728 363 2790 eodem
385 2736 568 2790 memoratur
591 2728 724 2789 eiusdem
747 2731 791 2789 ad
811 2731 953 2791 Italicum
982 2733 1020 2790 de
1047 2733 1181 2806 Vergilio
1203 2731 1278 2790 liber
1300 2729 1340 2788 Χ.

197 2831 331 2893 italicum
355 2839 437 2892 recte
460 2829 674 2892 intellexerunt
688 2831 794 2892 Silium
816 2839 934 2911 poetam
957 2833 1034 2893 inter
1050 2833 1201 2912 principes
1217 2832 1342 2893 civitatis

196 2933 325 2994 honesto
348 2934 409 2993 otio
432 2933 575 3002 fructum,
606 2935 656 3010 qni
679 2939 788 3011 quanta
811 2930 972 3011 Vergilium
1000 2936 1191 2996 veneratione
1219 2933 1344 2994 coluerit

197 3055 265 3098 cum
287 3035 347 3114 ipsi
370 3053 405 3095 ex
430 3033 581 3112 diligentia
604 3054 660 3113 qua
683 3036 813 3096 imitatus
835 3041 881 3095 est
902 3033 984 3096 illum
1008 3037 1165 3096 aestimare
1185 3053 1344 3114 possumus

199 3145 260 3198 tum
277 3135 390 3197 Plinius
413 3135 545 3214 aequalis
567 3138 597 3198 in
621 3136 744 3217 epistola
767 3136 807 3196 lll
830 3134 858 3206 7,
882 3133 901 3198 8
924 3136 1088 3217 descripsit.
1116 3125 1206 3199 ‘Nam
1224 3136 1343 3214 Vergilii

197 3240 347 3318 imagines
370 3220 438 3300 anle
461 3257 565 3300 omnes
581 3257 653 3318 quas
669 3248 819 3300 coemerat
841 3239 1036 3299 venerabatur
1063 3237 1200 3316 diemque
1216 3237 1343 3299 natalem

200 3343 264 3402 eius
287 3339 457 3419 religiosius
480 3360 568 3421 quam
591 3361 676 3402 suum
701 3340 878 3410 celebrabat,
902 3339 1025 3420 Neapoli
1048 3343 1184 3411 unanime,
1208 3339 1260 3401 ubi
1281 3359 1344 3400 mo-

198 3445 366 3504 nimentum
391 3444 455 3503 eius
478 3442 560 3504 adire
583 3450 616 3502 ut
637 3443 780 3523 templum
802 3441 944 3504 solebat’
989 3443 1083 3516 Quam
1106 3445 1244 3523 pietatem
1267 3443 1343 3504 lilar-

200 3545 278 3606 tialis
301 3544 417 3606 duobus
440 3545 662 3625 epigrammatis
683 3543 778 3606 x148
794 3565 837 3625 sq.
861 3545 1020 3625 praedicat,
1045 3563 1172 3623 quorum
1195 3546 1345 3626 posterius

199 3648 242 3708 sic
264 3647 484 3709 restituendum
508 3664 629 3708 censeo:

351 3788 405 3844 iam
427 3803 515 3861 prope
537 3786 660 3843 desertos
684 3789 789 3844 cineres
812 3794 954 3844 et·suncta
976 3787 1094 3844 Maronis

402 3871 513 3928 nomina
537 3873 583 3946 qui
606 3873 725 3940 coleret,
748 3868 902 3947 pauperet
924 3890 995 3929 unns
1018 3881 1083 3930 erat.

353 3957 435 4015 Silius
458 3954 605 4033 orlralae‘)
630 3974 790 4014 succurrere
813 3959 920 4014 censuit
943 3959 1068 4015 umbrae:
1141 3957 1146 3966 '

401 4041 473 4099 iilius
496 4038 578 4117 ut**)
601 4050 702 4106 vatem,
725 4059 780 4098 non
803 4045 891 4100 minor
912 4044 987 4117 ipse,
1011 4040 1150 4120 coliem).

203 4206 504 4218 ψ

269 4306 298 4374 *)
318 4315 432 4374 optatae
453 4309 529 4363 codd.

253 4391 300 4459 **)
321 4393 405 4445 Silius
424 4399 451 4446 et
469 4397 543 4450 codd.
559 4393 643 4446 Silius
655 4400 686 4446 ut
698 4399 737 4451 ed.
752 4398 930 4448 Ferrariensis
943 4414 966 4452 a.
982 4399 1045 4448 1471
1066 4397 1153 4448 Filius
1167 4411 1201 4448 en
1215 4399 1345 4451 Heinsius.

240 4475 304 4541 see)
323 4492 378 4528 non
397 4479 485 4531 minor
502 4481 563 4545 ipse
582 4481 651 4532 colit
668 4483 785 4533 Porieini
800 4498 887 4546 mergo
911 4497 964 4532 non
981 4482 1070 4532 minus
1083 4483 1142 4547 ipse
1157 4482 1221 4533 tulit
1239 4483 1312 4536 codd.

436 4568 447 4596 Ι
