3276 5050
749 403 850 446 Patous
856 403 993 446 Gonnus.

837 790 912 873 §s

388 1030 497 1092 Valerii
521 1029 612 1091 Probi
640 1031 733 1110 copiis
762 1050 832 1091 usus
863 1037 908 1090 est
930 1033 1055 1092 Flavius
1078 1033 1178 1108 Caper
1206 1032 1253 1110 (ct.
1277 1031 1313 1091 H.
1336 1029 1449 1090 lleilius

304 1151 429 1212 gramm.
454 1133 528 1193 Latt.
558 1131 614 1192 vol.
639 1132 691 1193 llll
715 1133 805 1212 prael.
831 1132 930 1193 XVIII.
955 1131 1058 1210 XXV),
1106 1135 1157 1209 qui
1185 1134 1215 1192 in
1250 1133 1450 1211 grammaticis

304 1233 390 1294 libris
412 1233 512 1294 ‘dubii
535 1235 672 1312 generis'
696 1242 725 1294 ct
748 1231 911 1294 ‘enucleati
930 1235 1093 1295 sermoms’
1118 1240 1148 1293 et
1163 1253 1237 1313 quos
1253 1235 1289 1294 de
1305 1233 1449 1294 latinitate

305 1335 394 1396 etde
416 1337 635 1414 praepositione
657 1354 697 1396 ex
719 1337 896 1414 conscripsit
918 1343 948 1404 et
970 1338 1001 1396 in
1024 1335 1089 1396 aliis
1112 1337 1240 1396 fortasse
1262 1338 1301 1396 ita
1318 1353 1389 1395 usus
1405 1341 1451 1394 est

305 1436 425 1515 Vergilii
440 1437 632 1506 carminibus,
655 1443 687 1498 ut
709 1437 860 1518 explorata
882 1436 928 1496 vel
951 1437 1016 1514 lege
1032 1439 1223 1516 grammatica
1246 1437 1292 1498 vel
1314 1435 1449 1496 vocabuli

303 1541 333 1598 vi
354 1533 443 1599 modo
465 1537 502 1598 de
525 1539 671 1600 sententia
695 1539 880 1616 siogulorum
904 1537 1038 1600 locorum
1062 1538 1150 1600 modo
1174 1539 1210 1600 de
1234 1546 1315 1599 textu
1341 1539 1450 1599 consti-

304 1640 415 1702 tuendo
438 1640 611 1719 disputaret.

390 1741 554 1804 Vindicavit
579 1743 669 1820 igitur
698 1744 769 1803 Aen.
800 1742 825 1802 X
852 1740 914 1804 377
942 1742 1081 1803 traditam
1110 1744 1287 1822 scrIpturam
1323 1746 1452 1818 ‘mopna

306 1843 417 1906 claudit
438 1862 494 1904 nos
516 1845 598 1904 obice
619 1848 747 1922 pontus'
772 1844 811 1926 (in
834 1843 918 1904 libris
940 1844 1023 1905 dubii
1045 1845 1181 1922 generis:
1206 1844 1272 1914 uide
1295 1844 1451 1921 Seruum),

307 1945 544 2006 emendationem
573 1945 681 2025 Hygini
703 1945 774 2005 Aen.
804 1945 857 2005 XII
886 1942 947 2006 120
975 1945 1083 2006 ‘velati
1108 1949 1195 2006 limo'
1225 1945 1451 2006 commendavit.

306 2049 404 2109 Ascito
427 2047 548 2108 Homeri
571 2047 707 2124 exemplo
730 2048 842 2107 rectius
864 2049 1078 2126 interpretatus
1101 2054 1146 2108 est
1167 2048 1208 2108 IX
1223 2043 1285 2108 709
1309 2049 1454 2124 ‘ellpcum

308 2167 400 2227 super
414 2149 528 2211 Intonat
542 2142 663 2227 ingens’
673 2147 711 2227 *),
728 2147 808 2209 ‘cum
824 2147 861 2209 de
875 2150 1097 2228 praepositione
1112 2167 1152 2210 cac
1165 2152 1318 2210 tractaret'
1336 2147 1453 2228 (Seru),

307 2250 387 2312 idem
418 2257 518 2312 tamen
551 2257 707 2329 argutatus
742 2249 779 2311 de
802 2251 838 2310 VI
859 2246 922 2312 545
956 2250 1053 2312 verbis
1084 2249 1230 2334 ‘explebo
1264 2255 1453 2320 numerum',

308 2352 361 2415 ubi
382 2359 558 2432 aspernatus
581 2351 828 2430 simplicissimam
853 2359 882 2412 et
903 2353 991 2412 unice
1015 2371 1113 2413 veram
1137 2351 1374 2430 explicationem,
1398 2372 1454 2432 qua

310 2453 516 2534 completurus
539 2453 712 2514 umbrarum
729 2471 887 2515 numerum
903 2453 1074 2532 Delpbobus
1090 2452 1228 2522 babetur,
1252 2439 1322 2516 satis
1338 2461 1455 2516 cetero·

310 2538 369 2636 qui
383 2555 469 2617 docte
492 2573 527 2631 ac
548 2553 696 2630 subtiliter
720 2562 749 2614 et
771 2554 858 2614 Ennii
882 2554 1017 2633 exemplo
1041 2574 1124 2616 suam
1148 2555 1317 2617 defendisse
1341 2556 1457 2617 videtur

310 2658 487 2719 sententIam
512 2664 541 2715 ct
562 2654 693 2732 reliquas
715 2656 891 2720 relutaVIsse
915 2655 949 2736 (v.
967 2655 1072 2736 Seru).
1097 2656 1245 2718 ‘Allecto’
1261 2676 1378 2730 nomen
1396 2656 1456 2736 (Vll

310 2754 538 2837 ainnohun
567 2757 696 2817 narravit
727 2763 922 2836 monoptoton
951 2764 1057 2837 putare
1081 2758 1241 2838 (Charisius
1264 2755 1306 2820 94
1327 2759 1359 2820 Ρ.
1386 2756 1456 2830 118,

312 2859 329 2920 1
352 2859 409 2939 Κ.).
454 2859 487 2920 In
510 2857 620 2928 libello,
644 2860 695 2936 qui
717 2861 748 2919 in
770 2857 901 2920 Putschii
924 2878 1050 2939 corpore
1073 2867 1160 2931 extat,
1184 2859 1221 2920 de
1244 2849 1458 2942 orthographia

311 2981 341 3042 p.
364 2957 449 3022 2250
471 2959 616 3040 probatur
639 2964 730 3036 opilio
752 2963 899 3040 scriptura
922 2962 1007 3042 (quae
1031 2962 1085 3023 ecl.
1101 2963 1128 3023 X
1145 2959 1184 3023 19
1200 2962 1325 3024 PalatIni
1347 2983 1386 3024 m.
1410 2984 1457 3044 pr.

313 3063 365 3142 est)
389 3080 461 3142 prae
484 3061 575 3123 altera
598 3064 693 3139 upilio
722 3063 762 3141 (tn
786 3063 883 3140 Mill«
920 3063 979 3124 Sed
1008 3065 1221 3124 commentario
1244 3063 1365 3142 Vergilii
1394 3085 1458 3127 car-

313 3166 393 3226 mina
414 3172 607 3244 persecutum
636 3183 702 3224 esse
730 3166 795 3226 iure
819 3172 1002 3244 negaverunt
1025 3165 1169 3244 Soringar
1195 3184 1225 3244 p.
1249 3162 1311 3227 218
1341 3183 1405 3247 sqq.
1431 3176 1460 3229 et

313 3265 495 3328 Ritschelius
518 3266 639 3344 Parerg.
662 3263 734 3328 361.

383 3606 541 3674 *)Servius
563 3607 632 3661 Aen.
655 3607 696 3675 IX
718 3607 768 3658 tos
791 3610 856 3656 ‘aut
878 3607 938 3671 ipse
961 3607 1060 3672 ingens
1087 3623 1170 3672 super
1193 3607 1319 3673 clypeum
1343 3609 1462 3674 intonat,

317 3699 365 3746 aut
382 3694 482 3759 ingens
500 3691 628 3757 clypeum
647 3707 730 3758 super
748 3691 837 3756 ipsum
855 3695 944 3741 tonat.
979 3707 1043 3742 nam
1066 3692 1166 3743 lectum
1187 3697 1230 3743 est
1248 3693 1332 3743 etiam
1350 3695 1397 3744 doc
1409 3699 1462 3761 cly-

315 3796 398 3845 peum,
417 3783 448 3827 ut
465 3777 566 3843 probat
584 3775 689 3841 Caper:
709 3775 782 3840 quod
800 3777 889 3841 magis
907 3775 1037 3826 debemus
1056 3777 1194 3840 accipere.
1230 3793 1296 3828 nam
1314 3779 1463 3830 Homerum

317 3864 441 3914 imitatus
459 3862 566 3926 estqui
585 3860 626 3911 ait
642 3861 668 3910 Δ
680 3861 730 3911 503
748 3851 874 3926 ἀράβησε
893 3853 926 3910 di
944 3850 1039 3925 τεύχε’
1056 3851 1103 3911 ἐπ’
1117 3854 1220 3924 αὐτῷ’.
1246 3860 1339 3912 Secuti
1358 3880 1417 3914 eum
1437 3871 1465 3916 et

317 3948 423 3998 Nonius
441 3948 470 3996 in
489 3946 581 4012 capite
600 3945 691 4008 tertio,
712 3945 782 4010 quod
802 3950 844 3995 est
862 3944 912 3994 ‘dc
930 3943 1089 3994 iudIscretis
1101 3945 1249 4008 generibus
1262 3963 1311 4010 por
1329 3947 1463 4012 litteras',

319 4037 347 4084 et
374 4033 408 4082 de
437 4031 541 4082 eisdem
568 4030 690 4096 quamvis
713 4031 826 4081 brevius
849 4029 1026 4094 praecipiens
1049 4027 1212 4094 credonius,
1236 4032 1296 4094 qui,
1325 4033 1383 4083 sive
1410 4035 1464 4099 ipsi

319 4117 377 4168 sive
395 4132 445 4182 per
465 4115 535 4166 alios
548 4115 633 4181 Capri
644 4115 678 4165 de
691 4115 783 4165 dubiis
802 4112 949 4179 generibus
961 4111 1039 4162 libris
1057 4113 1101 4162 usi
1120 4118 1191 4178 sunt,
1211 4114 1293 4164 etium
1308 4117 1374 4180 alia,
1394 4136 1465 4184 quse

317 4201 497 4267 Vergilianos
515 4201 591 4251 locos
609 4204 737 4265 tangunt,
765 4214 800 4249 ex
827 4197 922 4248 eodem
949 4196 1028 4247 fonte
1055 4197 1204 4263 sumpsisse
1231 4201 1349 4264 putandi
1377 4211 1464 4256 erunt.

319 4287 359 4337 Ac
378 4291 488 4337 secutus
508 4283 627 4350 Captum
644 4283 751 4334 Nouius
769 4286 812 4333 est
830 4282 916 4332 etiam
933 4280 964 4330 in
980 4281 1074 4332 verbis
1096 4281 1228 4348 ‘explebo
1250 4291 1406 4338 numerum’
1425 4291 1465 4342 VI

319 4373 370 4424 1145
387 4368 620 4438 interpretandIs:
638 4385 664 4436 p.
684 4368 743 4432 298,
763 4369 803 4418 12.
1280 4371 1285 4380 ¹
