3212 5042
613 410 858 455 enonaoounrm.
1265 395 1306 459 at

152 581 226 642 hoc:
250 578 283 660 2)
306 580 391 644 ‘bina
413 584 518 644 messis
540 590 675 659 tempora
692 576 896 661 (231-235):
920 599 958 644 ae
973 600 1011 643 ne
1027 601 1044 643 a
1059 601 1156 644 messe
1171 584 1307 646 la'eienda

154 701 192 743 eo
216 682 410 753 deterrearis,
441 683 519 764 quod
541 683 654 744 irritari
675 700 746 762 apes
769 681 988 744 animadvertis
1027 703 1129 746 verum
1153 693 1198 746 est
1219 686 1306 747 vehe-

153 791 272 845 menter
295 804 346 845 eas
368 786 456 846 irasci
478 781 683 863 trae-238),
712 786 767 844 sed
793 802 852 863 quo
879 785 974 863 magis
1002 784 1164 848 exhaustae
1195 788 1307 848 luerint

154 906 183 948 e.
197 907 225 966 q.
239 905 264 948 s.
283 882 484 968 grta-250).
508 885 596 947 modo
619 891 652 944 ut
673 893 757 946 cante
780 884 890 947 relinas
912 885 1000 947 mella
1027 885 1249 967 (228-—230)²;
1265 923 1307 932 -

155 987 202 1049 vel
217 987 291 1049 hoc:
316 985 346 1066 3)
364 987 521 1068 ‘siquando
544 985 632 1048 mella
654 985 775 1056 relines,
799 987 897 1048 iumos
919 988 1082 1066 praetende
1106 985 1304 1069 (ara-230).

154 1098 228 1152 sunt
250 1088 367 1152 scilicet
388 1088 458 1153 bina
479 1091 586 1151 messis
600 1096 735 1169 tempora
752 1084 951 1168 (nal-235),
975 1109 1054 1166 qaae
1077 1093 1128 1152 udi
1147 1099 1303 1168 veneunt,

152 1190 213 1252 illis
237 1190 364 1271 (apibus)
387 1193 431 1252 ira
454 1210 545 1272 supra
568 1190 688 1252 modurn
711 1196 757 1250 est
780 1185 981 1270 (aaa-238).
1004 1192 1056 1252 sed
1073 1192 1145 1254 haec
1161 1212 1220 1254 non
1242 1212 1304 1254 me·

152 1293 276 1363 tuenda,
300 1311 368 1354 nam
393 1309 451 1371 quo
473 1294 577 1372 magis'
601 1309 626 1352 e.
651 1311 679 1371 q.
704 1309 728 1351 s.
753 1286 957 1372 (248-250);
974 1327 1015 1336 -
1030 1293 1076 1354 vel
1099 1293 1226 1372 denique
1248 1293 1305 1355 hoc

152 1413 244 1473 quem
254 1395 287 1455 in
299 1400 382 1456 textu
394 1395 542 1474 expressi:
564 1390 596 1469 4)
608 1391 770 1474 ‘siquando
785 1391 874 1452 mella
891 1393 1011 1466 relines,
1027 1395 1126 1456 fumos
1141 1395 1304 1475 praetende

153 1492 356 1576 (eta-230),
379 1514 449 1556 nam
471 1494 611 1556 mordent
631 1495 764 1555 irritatae
786 1512 858 1573 apes
883 1492 1081 1577 (236-238).
1113 1505 1181 1558 sunt
1204 1507 1302 1559 autern

37 1583 39 1588 ⁵
153 1596 224 1659 bina
240 1598 350 1658 messis
366 1603 500 1676 tempora
520 1592 719 1677 (231-235),
743 1594 852 1675 quihus
873 1597 984 1658 fruaris
1006 1605 1139 1678 oportet:
1164 1617 1304 1679 namquo

152 1700 267 1777 magis’
292 1718 318 1758 e.
342 1716 370 1776 q.
394 1718 419 1759 s.
443 1694 1036 1778 (248--25014111111111111111
1058 1702 1235 1762 necessariis
1257 1703 1302 1762 ni-

152 1802 210 1862 mis
233 1817 338 1860 carere
355 1801 528 1861 orationem.
552 1799 679 1859 Leniore
694 1799 792 1859 omnia
809 1806 838 1858 et
852 1799 1011 1861 iucundius
1026 1803 1184 1863 coniuncta
1200 1819 1302 1879 quam·

152 1921 243 1984 qnam
266 1902 365 1962 minus
387 1900 475 1980 plena
499 1902 667 1962 efficiuntur
690 1901 807 1962 omissis
835 1899 881 1961 his
903 1903 998 1962 ternis
1021 1901 1175 1964 versieulis
1196 1901 1303 1964 236-

149 2001 215 2066 238
239 2009 267 2064 et
290 1998 471 2065 248—250.
522 2003 583 2064 Hos
611 2002 702 2080 igitur
729 1999 870 2063 secundis
892 2004 974 2064 curis
1002 2003 1116 2065 additos
1146 2022 1204 2065 nec
1232 2007 1303 2066 satis

151 2106 300 2166 concinne
323 2121 390 2164 cnm
413 2105 522 2166 ceteris
543 2105 715 2168 conciliatos
739 2123 806 2166 esse
828 2109 935 2166 statuo.
986 2105 1023 2166 Et
1044 2103 1140 2166 laetor
1161 2105 1242 2167 idem
1265 2107 1302 2167 de

152 2214 216 2268 toto
238 2205 308 2266 loco
329 2201 501 2267 228-250
515 2208 679 2269 coniecisse
690 2205 848 2268 Titderum
872 2223 900 2284 p.
919 2203 968 2276 11,
992 2207 1039 2267 cni
1061 2209 1232 2287 nuperrime
1247 2208 1301 2270 La·

150 2309 272 2370 dericus
301 2325 420 2387 quoque
447 2306 643 2385 adstipulatus
672 2316 726 2370 est.
783 2305 996 2386 Peerlkampus
1030 2325 1149 2388 quoqne
1176 2329 1206 2389 p.
1237 2307 1301 2372 286

152 2429 255 2472 versus
277 2405 341 2470 248
370 2416 400 2470 et
419 2405 484 2471 250
513 2415 580 2470 ante
608 2405 671 2471 239
701 2409 870 2472 collocavit:
901 2408 981 2470 idem
1010 2418 1109 2472 tamen
1136 2411 1216 2491 quod
1238 2409 1302 2474 249

150 2514 286 2593 spurium
310 2518 421 2580 censet,
445 2527 506 2570 non
529 2510 689 2580 adsentior,
713 2529 770 2574 nec
792 2511 863 2572 satis
878 2509 1018 2590 intellego
1034 2513 1106 2592 quid
1128 2512 1247 2575 ridiculi
1269 2515 1300 2574 in

152 2613 250 2676 verbis
274 2613 413 2693 ‘generis
435 2610 509 2691 lapsi
531 2614 643 2673 sarcire
665 2614 783 2676 ruinas'
805 2611 999 2692 indagaverit.
1050 2614 1082 2675 Si
1104 2616 1184 2676 enim
1207 2633 1298 2694 gene·

151 2724 234 2778 ratur
257 2713 318 2776 mel
342 2709 478 2793 115205),
503 2714 626 2775 exemtis
649 2733 683 2775 ac
705 2715 810 2776 recisis
831 2715 905 2776 lavis
926 2733 1022 2794 genus
1044 2717 1182 2778 imminui
1212 2726 1242 2779 et
1263 2718 1300 2780 ad

151 2819 270 2880 ruinam
292 2815 390 2894 redigi
410 2813 513 2894 liquet,
538 2824 571 2876 ut
592 2814 745 2895 replendis
766 2833 934 2894 rursusque
956 2818 1108 2880 struendis
1130 2818 1213 2881 cellis
1235 2839 1297 2882 sar·

151 2921 205 2981 ciri
226 2920 316 2980 ruina
338 2924 421 2980 recte
443 2917 503 2978 dici
525 2917 667 2980 videatur.
711 2917 797 2998 Apud
820 2917 956 2979 Servium
979 2919 1059 2996 quod
1082 2939 1221 2982 versuum
1235 2918 1299 2983 248

150 3017 263 3084 -250
283 3020 396 3081 mentio
411 3016 493 3080 nulla
508 3019 548 3091 fit,
573 3037 629 3080 nec
644 3019 862 3100 neglegendum
886 3028 1001 3082 estnec
1017 3022 1104 3082 nimis
1121 3022 1297 3100 urgendum.

235 3122 347 3184 Contra
369 3118 458 3200 longe
479 3121 631 3182 reicienda
652 3122 778 3184 llanovii
806 3122 906 3200 opinio
938 3129 995 3192 est,
1032 3124 1084 3202 qui
1113 3123 1153 3202 (p.
1179 3122 1217 3186 13
1241 3124 1297 3204 sq.)

150 3223 240 3286 huius
262 3221 333 3284 libri
355 3241 399 3282 vv.
424 3219 590 3285 184-187
614 3243 689 3303 quos
710 3225 775 3303 ipse
797 3224 1023 3284 venustissimos
1045 3223 1211 3303 praedicat,
1245 3225 1297 3286 eli·

149 3325 309 3388 minandos
332 3342 397 3386 esse
420 3323 504 3388 duxit
526 3326 612 3405 quasi
633 3324 774 3386 secundis
796 3325 876 3385 curis
898 3332 1017 3402 apoeta
1034 3343 1069 3386 eo
1086 3324 1209 3386 corrsilic
1226 3345 1296 3388 con·

148 3430 254 3498 tectos,
278 3434 312 3488 ut
333 3433 436 3506 postea
458 3427 579 3486 mutatis
603 3425 668 3488 aliis
690 3435 742 3488 aut
762 3427 887 3488 resectis
901 3427 933 3488 in
947 3433 1063 3488 textum
1077 3428 1296 3506 reciperentur.

148 3531 229 3594 [tuas
251 3527 367 3590 seilicet
389 3527 623 3608 ‘descriptiones
643 3529 679 3590 ad
695 3528 820 3591 eandem
834 3546 902 3590 rem
917 3529 1102 3607 pertinentes
1118 3529 1297 3598 conduxisse

148 3640 178 3694 et
199 3629 420 3710 conglutinatas
448 3647 514 3691 esse
541 3629 632 3692 altera
660 3633 692 3692 in
719 3629 843 3692 alteram
865 3631 971 3692 inscite
992 3631 1133 3692 inserta.'
1177 3634 1215 3692 Α1
1236 3651 1297 3692 non

148 3743 247 3814 poeta,
273 3731 326 3794 sed
342 3730 491 3792 llanovius
512 3733 578 3810 ipse
601 3733 786 3794 contusionis
807 3738 912 3794 auctor
935 3740 990 3794 est.
1020 3732 1094 3794 Nam
1116 3733 1245 3811 primum
1270 3753 1295 3794 v.

150 3833 211 3898 183
235 3837 372 3896 ‘omnes'
396 3833 571 3914 intellegere
594 3853 698 3896 omnes
719 3837 868 3906 iuniores,
898 3835 950 3912 qui
977 3835 1072 3896 ‘victu
1093 3833 1246 3913 invigilant
1268 3845 1298 3898 et

147 3939 271 4000 loedere
293 3944 382 4017 pacto
406 3944 586 3998 exercentur
608 3937 720 4015 agris’‚
743 3937 877 4017 prudens
898 3937 1035 4016 proxime
1058 3937 1297 4000 antecedentium

147 4057 288 4102 versuum
321 4034 488 4100 180-183
521 4037 631 4109 lector,
666 4039 716 4116 qui
743 4038 840 4100 Latini
872 4040 1019 4100 sermonis
1047 4037 1296 4102 consuetudinem

145 4141 297 4210 didicerit,
327 4139 426 4200 nullus
441 4138 599 4238 dubitalpit.
627 4138 752 4219 Reliqua
768 4147 868 4202 autem
890 4142 1037 4202 sententia
1059 4140 1167 4204 additis
1189 4159 1296 4221 prosae

143 4243 292 4306 orationis
315 4239 440 4302 vinculis
463 4242 551 4304 haec:
575 4241 621 4302 his
643 4241 781 4304 omnibus
803 4249 836 4303 ut
858 4241 942 4304 labor
964 4261 1042 4305 unus
1064 4241 1232 4322 colligendi,
1256 4244 1295 4304 ita

143 4348 231 4428 quies
260 4361 389 4424 operum
411 4362 487 4418 una;
522 4342 609 4406 simul
638 4346 717 4405 enim
746 4363 851 4406 omnes
881 4363 968 4408 mane
997 4353 1173 4424 evagantur,
1207 4344 1296 4406 simul

140 4455 311 4532 pascuntur
339 4447 370 4506 in
399 4447 494 4526 agris,
527 4444 615 4508 simul
643 4448 811 4527 vespertino
833 4453 969 4528 ternpore
992 4465 1117 4528 corpora
1147 4453 1295 4517 curantes,
