3230 5046
304 330 365 393 184
750 346 991 391 rnonnoounua.

386 519 481 578 Pauca
503 525 602 577 tamen
623 516 767 594 quaedam
791 516 828 576 de
850 534 988 576 sermone
1011 515 1131 592 Vergilii
1152 521 1233 575 recte
1255 523 1286 576 ot
1306 518 1338 576 ni
1359 517 1446 578 fallor

302 621 424 698 antiquo
447 625 569 678 auctore
592 617 719 696 quodam
743 617 937 678 observavit·
969 616 1054 687 Quod
1078 618 1156 676 enim
1179 636 1269 678 ausus
1292 625 1338 678 est
1358 628 1447 696 poeta

302 721 342 780 xl
366 717 428 780 124
449 721 569 780 Aenean
592 719 669 780 lama
696 721 863 797 ingentem,
880 722 1090 794 incertiorem
1115 719 1206 780 armis
1233 709 1348 788 dicere,
1378 739 1446 781 sen·

302 823 412 881 tentiae
443 821 560 899 quidem
585 822 719 898 liguram,
749 829 781 880 ut
803 820 912 881 Furius
933 819 1057 881 Albinus
1079 819 1157 898 apull
1179 819 1362 882 Macrobium
1385 821 1447 884 Sat.

304 918 394 992 v12,
418 919 460 983 33
482 924 592 991 statuit,
617 923 840 984 Ciceronianam
862 923 1002 990 imitatus,
1027 923 1225 1000 comparativo
1247 931 1345 984 autem
1367 943 1447 993 usus,

245 1020 1449 1102 'mmmmmmmwfflfflfflmmi

304 1127 437 1186 animum
460 1125 624 1186 advertisse
645 1124 776 1200 videtur,
808 1144 842 1184 ex
867 1126 951 1184 cuius
973 1123 1051 1183 libro
1074 1141 1149 1200 quae
1171 1125 1280 1186 Paulus
1301 1126 1450 1187 Diaconos

304 1245 334 1305 p.
361 1224 423 1286 114
444 1227 482 1288 Μ.
508 1228 658 1305 excerpsit
680 1229 803 1303 ‘ingens
824 1225 932 1286 dicitur
955 1225 1080 1302 augendi
1103 1227 1326 1297 consuetudine,
1350 1235 1384 1288 ut
1403 1229 1448 1288 In·

305 1327 436 1388 clamare
458 1329 606 1388 invocare.
652 1330 721 1406 quia
749 1330 827 1388 enim
850 1345 924 1404 gens
946 1321 1049 1405 populi
1072 1335 1117 1386 est
1138 1328 1322 1404 magnitudo,
1345 1331 1449 1406 ingen·

205 1457 210 1468 ¹
304 1437 364 1490 tem
387 1447 442 1508 per
466 1432 711 1508 compositionem
734 1429 874 1497 dicimus,
904 1427 982 1506 quod
1006 1429 1151 1505 significat
1173 1428 1255 1489 valde
1278 1436 1448 1507 magnum’.

303 1531 383 1608 Ergo
411 1549 471 1590 non
501 1549 572 1590 sane
600 1531 685 1591 nibili
713 1541 758 1591 est
785 1529 864 1608 quod
893 1531 1010 1607 negavit
1038 1529 1169 1590 Donatus
1197 1533 1449 1610 comparationem

302 1631 359 1692 boc
381 1650 491 1692 nomen
514 1635 659 1712 recipere.
1032 1633 1034 1637 ’

387 1768 462 1827 Item
486 1769 673 1828 ‘commento
696 1767 861 1828 Aeneidos’
885 1767 991 1828 lionati
1011 1767 1183 1828 Priscianus
1210 1787 1240 1846 p.
1265 1764 1350 1830 1004
1380 1787 1452 1830 usus

303 1868 418 1928 doctam
443 1868 478 1928 ad
502 1872 575 1930 Aen.
599 1867 722 1930 111686
746 1869 806 1944 (‘ni
822 1876 943 1929 teneant
959 1867 1092 1945 cursus')
1116 1871 1265 1948 excerpsit
1286 1869 1451 1932 adnotatio·

304 1989 387 2029 nem:
418 1973 471 2030 ‘ac'
496 1990 551 2050 pro
573 1989 619 2030 ne.
653 1973 696 2030 sic
726 1972 869 2030 veteres'.
920 1969 1089 2030 Pleniorem
1118 1971 1244 2030 servavit
1272 1987 1449 2048 quamquam

308 2090 368 2132 non
390 2074 543 2132 nominato
567 2080 688 2132 anctore
704 2072 839 2140 Servius,
863 2089 951 2150 quem
968 2069 1019 2129 illo
1036 2089 1071 2130 ex
1087 2073 1301 2132 commentario
1316 2072 1451 2133 hausisse

304 2192 392 2254 quarn
422 2175 548 2232 maxiano
580 2172 735 2252 probabile
765 2173 797 2232 tit
825 2173 1002 2251 comparatis
1025 2173 1132 2233 Donati
1162 2172 1197 2232 ad
1221 2173 1353 2233 Terentii
1385 2192 1451 2238 eun.

304 2275 330 2334 ll
352 2272 381 2346 3,
405 2271 446 2335 36
470 2282 499 2334 et
522 2274 560 2333 lll
583 2271 612 2344 3,
635 2271 656 2333 2
678 2273 782 2334 titulis.
814 2273 898 2344 Quod
920 2279 1021 2333 tamen
1043 2273 1080 2333 ad
1102 2273 1180 2334 idem
1197 2282 1396 2335 commentum
1413 2276 1449 2336 M.

306 2376 445 2436 Hertzius
466 2373 582 2436 rettulit
604 2376 781 2435 sententiam
804 2365 909 2435 Donati
932 2373 968 2433 de
990 2374 1063 2434 Aen.
1088 2375 1125 2434 Vl
1146 2371 1188 2434 62
1210 2395 1225 2436 a
1248 2376 1400 2436 Prisciano
1422 2395 1451 2454 p.

307 2473 386 2536 1157
415 2476 562 2555 prolatam
591 2477 690 2534 minus
717 2481 830 2534 certum
859 2474 990 2545 videtur,
1019 2495 1086 2536 cum
1115 2479 1315 2556 ‘antiquiores
1336 2477 1451 2538 Donato

305 2579 413 2637 artium
437 2579 615 2654 scriptores'
641 2576 745 2636 eodem
768 2574 833 2636 loco
862 2575 961 2636 laudet
988 2580 1213 2654 grammaticus,
1243 2578 1323 2639 unde
1346 2579 1451 2639 Donati

306 2695 426 2755 quoque
449 2685 552 2741 artem.
578 2696 636 2736 non
661 2679 907 2761 commentarium
931 2679 1040 2756 respici
1064 2681 1255 2740 coniecerim.

390 2811 466 2872 Male
489 2821 589 2872 tamen
612 2813 821 2872 Terentianam
846 2814 1018 2873 nominativi
1039 2811 1164 2892 pluralis
1187 2815 1313 2874 formam
1342 2817 1389 2876 bis
1416 2813 1452 2874 ad

305 2913 427 2992 Vergilii
450 2913 505 2973 ecl.
529 2913 568 2973 lll
592 2910 652 2974 102
674 2913 841 2983 transtulit,
865 2914 917 2974 ubi
938 2933 1033 2990 neque
1055 2933 1141 2976 amor
1162 2934 1258 2977 cuore
1279 2925 1323 2976 est
1345 2935 1452 2995 paren-

305 3015 402 3076 tbesin
425 3033 491 3074 esse
514 3015 604 3074 voluit
628 3015 675 3094 (ad
690 3015 759 3074 Ter.
778 3034 845 3075 eun.
870 3016 895 3076 Η
916 3012 946 3084 2,
971 3013 1033 3096 38).
1079 3016 1140 3077 Nec
1155 3020 1249 3094 magis
1264 3017 1451 3096 probandum

305 3116 384 3196 quod
407 3118 479 3177 Aen.
504 3115 528 3175 ll
550 3113 613 3177 548
635 3119 681 3176 11Ιὶ
700 3136 755 3195 pro
778 3116 918 3177 adverbio
940 3117 997 3176 loci
1019 3119 1233 3195 interpretatus
1257 3126 1301 3179 est
1323 3118 1360 3178 ad
1381 3119 1451 3179 Ter.

307 3217 424 3296 adelph.
449 3214 514 3286 12,
538 3215 579 3278 36
616 3217 681 3277 heo.
705 3214 770 3287 12,
796 3215 835 3278 19
865 3217 985 3284 Plrorm.
1010 3215 1072 3288 12,
1096 3214 1148 3279 41.

390 3335 453 3396 Alia
478 3335 567 3396 verbo
591 3335 751 3413 tangenda:
780 3331 817 3395 tv
845 3323 901 3394 διὰ
924 3332 1022 3394 δυοῖν
1045 3336 1252 3396 animadvertit
1282 3339 1400 3398 ‘costas
1423 3347 1454 3398 et
1554 3363 1558 3372 ·

306 3439 414 3497 cratis’
444 3436 498 3496 llll
526 3433 604 3506 507;
645 3444 728 3497 recte
765 3455 810 3514 ge.
843 3436 894 3495 llll
922 3433 982 3496 153
1010 3455 1072 3513 pro
1100 3456 1161 3512 quo
1193 3440 1331 3499 mercede
1362 3438 1452 3498 verba

304 3538 436 3606 relativa,
467 3557 527 3598 non
550 3556 604 3615 per
626 3539 890 3615 interrogationem
913 3536 958 3596 vel
982 3537 1224 3600 exclamationem
1248 3543 1376 3618 accepit;
1407 3543 1452 3599 in·

305 3641 368 3700 teba
398 3640 481 3717 gel
506 3636 567 3699 120
594 3639 674 3719 quid¹
692 3645 792 3698 essent
819 3637 931 3707 docuit,
962 3637 999 3698 de
1021 3639 1135 3718 ‘quibus
1163 3641 1301 3699 convenit
1329 3642 1356 3699 ei
1384 3660 1452 3700 cunr

304 3743 422 3802 Acrone
445 3742 494 3817 qui
517 3740 624 3800 dicitur
645 3740 758 3800 Horatii
782 3746 1014 3800 commentatore
1042 3740 1078 3800 ad
1101 3759 1191 3802 carm.
1214 3738 1300 3809 131,
1326 3737 1380 3808 16;
1403 3759 1451 3818 ge.

305 3843 317 3902 l
341 3839 402 3902 198
437 3845 496 3902 olm
518 3843 682 3902 humanam
706 3839 873 3900 violentiam
897 3839 941 3900 vel
964 3839 1096 3902 laborem
1118 3841 1281 3902 humanum
1303 3842 1452 3920 interpre-

305 3951 383 4002 tatus
406 3949 459 4010 est,
484 3959 543 4017 qno
567 3948 686 4001 cavetur
709 3960 745 4001 ne
768 3943 808 4001 in·
821 3940 953 4002 deterius
974 3950 1040 4002 ruat
1063 3949 1177 4002 natura.
1214 3941 1306 4002 Recte
1329 3941 1364 4001 acl
1381 3943 1450 4002 Ter.

305 4043 426 4104 Phorm.
449 4038 527 4110 112,
551 4039 588 4102 31
615 4041 771 4122 explicavit
787 4047 980 4119 praesentius
1002 4061 1048 4120 ge.
1072 4043 1098 4102 ll
1123 4039 1192 4103 127.

391 4162 530 4222 Ceterum
554 4159 647 4220 multo
670 4160 754 4240 plura
778 4162 865 4220 etiam
889 4179 965 4238 quae
988 4160 1084 4221 bonae
1108 4160 1201 4238 frugis
1218 4167 1315 4220 essent
1332 4161 1364 4221 in
1379 4161 1452 4221 Ver·

307 4263 424 4341 gillanis
448 4278 566 4339 quoque
587 4261 662 4322 Aelii
678 4262 783 4323 Donati
806 4264 1025 4323 commentariis
1048 4263 1141 4322 luisse
1164 4261 1250 4321 facile
1273 4261 1376 4322 credet
1400 4262 1452 4342 qui

306 4364 483 4432 meminerit,
518 4381 605 4442 quam
640 4363 727 4424 docte
762 4373 792 4424 et
826 4363 975 4424 subtiliter
1007 4364 1085 4424 idem
1114 4363 1248 4434 Terentii
1280 4363 1453 4430 comoedias
