3230 5046
614 429 854 480 rnonnoousnn.
1235 411 1296 479 211

164 601 307 662 ataaatas
321 600 470 661 Sacerdos
492 603 650 663 memoriae
672 603 811 682 prodidit.
840 603 970 664 Eandem
994 605 1071 664 enim
1094 622 1181 683 quam
1204 607 1299 666 nostri

161 706 226 766 lere
263 723 365 764 omnes
398 704 555 781 (Menoe)
589 713 618 764 et
646 706 766 767 Servius
797 705 1056 784 interpolationem
1087 710 1158 768 Aen.
1189 703 1299 766 xlae

163 807 284 878 (Parim
305 811 416 883 creat),
441 814 470 867 et
491 806 532 867 lll
553 802 616 867 340
638 825 653 866 a
676 813 845 867 correctore
868 816 962 869 ortam
981 807 1127 870 librorum
1142 810 1247 886 Fyabc
1270 814 1299 866 et

163 908 259 970 Servii
280 909 439 982 lectionem
460 926 545 985 qaem
567 927 622 988 pro
644 907 693 968 illa
716 926 808 984 qaae
830 911 896 984 (M)
920 911 1100 989 propagavit.
1145 909 1298 971 Obtrecta-

162 1013 237 1072 toris
258 1013 360 1073 n'escio
383 1013 466 1072 cuius
488 1010 668 1090 malignitate
691 1012 876 1090 suppositum
899 1029 964 1072 esse
978 1019 1049 1090 puto
1065 1011 1144 1090 quod
1160 1011 1298 1072 aeschro-

163 1113 259 1192 logiac
283 1113 452 1192 exemplum
473 1112 598 1193 protulit
618 1116 733 1174 arrecti
752 1132 807 1192 pro
828 1115 968 1173 intenti
992 1115 1064 1174 Aen.
1088 1113 1114 1172 ll
1138 1109 1165 1172 1.
1215 1110 1298 1172 com„

107 1259 109 1262 .
163 1217 320 1278 mentatori
343 1215 389 1296 (ol.
413 1214 506 1290 Serv.)
528 1214 713 1276 reddendum
736 1217 815 1294 qnod
838 1215 908 1275 Aen.
933 1216 956 1274 V
979 1210 1040 1275 739
1062 1215 1198 1275 Phoebas
1220 1213 1299 1293 apud

163 1337 239 1394 eum,
252 1317 361 1396 legitur
382 1335 438 1396 pro
460 1334 601 1378 saeros.
1065 1308 1068 1320 '

247 1419 370 1498 Quoque
389 1420 420 1478 in
442 1417 525 1480 libris
547 1417 719 1496 Vergilianis
742 1418 814 1483 nihil
836 1419 953 1497 saepius
981 1418 1089 1478 lactum
1121 1423 1180 1487 est,
1208 1424 1242 1478 ut
1268 1418 1299 1477 in

162 1522 281 1584 scholae
303 1540 391 1582 usum
413 1523 472 1580 iam
493 1520 562 1580 inde
584 1519 620 1581 ab
644 1522 844 1600 antiquissima
860 1525 956 1580 aetate
971 1518 1083 1579 similes
1098 1517 1299 1596 aliquomodo

161 1625 220 1686 loci
243 1607 449 1686 conferrentur
477 1624 676 1702 suprascripto
706 1641 742 1683 ex
764 1623 896 1702 compari
927 1640 1014 1682 versu
1046 1639 1106 1681 uno
1134 1619 1179 1680 vel
1207 1620 1298 1681 altero

162 1726 311 1796 vocabulo,
333 1725 413 1786 unde
435 1725 608 1801 saepissime
630 1726 759 1802 genuina
780 1725 990 1803 suprascriptis
1013 1721 1136 1801 expulsa
1158 1730 1241 1791 sunt,
1265 1722 1295 1790 id

162 1831 250 1890 etiam
270 1830 301 1888 iu
324 1845 359 1888 eo
381 1825 469 1914 libro,
494 1825 571 1885 unde
594 1824 672 1904 apud
696 1825 850 1908 Claudium
863 1825 1053 1886 Sacerdotem
1077 1823 1211 1903 exempla
1227 1825 1299 1900 Ver7

76 2005 78 2009 ι
161 1928 268 2007 gillana
290 1936 406 2007 sumpta
427 1935 504 1998 sunt,
528 1927 638 1988 laetum
661 1945 726 1986 esse
747 1935 865 2006 praeter
887 1925 942 1988 alia
956 1927 1013 1987 hoc
1027 1925 1137 1986 indicio
1153 1924 1297 2004 proditur.

161 2031 245 2102 Quod
273 2032 352 2091 enim
379 2038 509 2090 tmeseos
535 2027 727 2089 illustrandae
755 2047 841 2089 causa
871 2027 984 2106 bisge.
1007 2023 1132 2089 111381
1163 2026 1299 2089 landatur

160 2135 203 2193 sio
227 2135 361 2212 ‘septem
383 2138 536 2209 conpacta
550 2113 672 2191 'trioni’
700 2149 756 2210 pro
781 2131 980 2205 subiectas
997 2128 1066 2188 iude
1093 2129 1297 2208 explicandum

161 2233 240 2314 quod
263 2235 317 2295 ecl.
340 2234 366 2294 ll
389 2230 430 2294 36
452 2233 571 2311 scripsit
592 2239 679 2311 poeta
706 2233 837 2312 ‘septem
858 2213 1018 2308 compacta
1040 2231 1170 2291 cicutis’.
1219 2230 1298 2308 Ergo

160 2335 205 2396 vel
233 2337 436 2396 tenuissimam
463 2335 618 2411 utriusque
645 2333 703 2394 loci
731 2333 951 2394 similitudinem
980 2331 1172 2394 scholasticus
1194 2333 1297 2392 nescio

160 2439 226 2516 quis
247 2439 279 2497 in
301 2437 451 2515 exemplar
473 2435 657 2497 inserendam
680 2453 746 2496 esse
768 2443 929 2515 putaverat.
973 2434 1047 2494 ltem
1071 2431 1201 2494 scholam
1223 2434 1299 2512 sapit

160 2538 333 2616 quadrien.
357 2530 482 2599 111229
510 2537 644 2598 ‘scandi'
667 2555 738 2598 rare
759 2541 791 2599 r'a
809 2544 927 2598 'secessu
949 2535 1047 2604 iubet,
1080 2535 1165 2594 ‘cnm
1192 2553 1299 2596 rarsas

158 2643 293 2721 posuerit
315 2645 437 2720 poeta’,
467 2639 547 2720 quod
574 2647 673 2699 tamen
701 2659 718 2700 a
745 2638 960 2700 litteratoribus
989 2639 1076 2698 etiam
1102 2637 1134 2696 in
1156 2637 1298 2697 Pierianis

158 2743 310 2823 plerisque
332 2741 543 2821 interpolatum
564 2760 620 2820 pro
648 2743 778 2820 genuino
807 2757 969 2802 rarsara.
1019 2737 1173 2800 Librarius
1201 2755 1297 2815 gram-

158 2847 260 2906 matici
282 2845 465 2908 commisisse
486 2851 583 2922 potest
604 2847 764 2920 acquirere
785 2862 840 2922 pro
862 2845 1044 2904 accedere
1065 2839 1115 2919 ge?
1136 2839 1160 2899 ll
1181 2835 1254 2900 483.

242 2945 407 3008 Praeclaris
435 2965 472 3006 ex
498 2945 629 3006 lontibus
661 2944 760 3005 hausit
782 2944 895 3005 Noniae
918 2945 1094 3012 Marcellae,
1129 2942 1176 3002 cui
1209 2959 1297 3001 unam

158 3048 301 3126 debemus
335 3047 571 3109 emendationem
599 3049 762 3123 papales
793 3063 849 3124 pro
880 3045 996 3122 vulgata
1022 3045 1150 3104 Ratalos
1177 3041 1297 3103 AeaX

160 3148 237 3220 111,.
255 3167 343 3228 quam
365 3150 574 3230 prudentiores
596 3153 775 3227 interpretes
798 3149 868 3208 satis
891 3146 1030 3225 explicari
1050 3163 1111 3204 non
1126 3161 1213 3223 posse
1228 3161 1297 3204 con·

157 3253 231 3322 lessi
258 3261 335 3313 sunt.
392 3256 500 3333 Aptum
528 3259 591 3312 erat
618 3257 686 3330 post
712 3249 785 3309 haec
815 3248 908 3308 ‘Tros
936 3246 1100 3308 Rutulusne
1127 3247 1189 3310 luat
1215 3245 1296 3305 nullo

158 3353 331 3414 discrimine
358 3353 491 3414 habebo'
522 3372 583 3413 non
610 3352 688 3412 idem
718 3351 755 3411 de
782 3349 899 3410 Rutulis
926 3349 1084 3426 separatim
1112 3346 1295 3420 adseverare,

158 3454 212 3514 sed
235 3457 388 3532 sequentia
419 3459 490 3517 ‘sua
517 3457 624 3534 cuiqne
649 3471 757 3514 exorsa
785 3451 917 3512 laborem
941 3451 1150 3529 fortunamque
1172 3448 1295 3516 lereut’,

158 3574 233 3634 quae
256 3557 292 3617 ad
314 3565 457 3634 utrosque
479 3558 645 3636 pertinent,
672 3555 733 3616 hoc
761 3555 909 3634 promisso
931 3569 1127 3632 praeparare:
1157 3569 1212 3611 nec
1233 3551 1297 3630 ipse

148 3659 340 3719 intercedam
363 3666 400 3718 ut,
418 3657 528 3720 solvam
543 3660 622 3718 acies
636 3656 823 3738 populorum,
847 3674 916 3717 nam
938 3655 1013 3714 ‘lata
1029 3654 1104 3713 viam
1118 3653 1295 3713 invenient'.

157 3759 278 3839 Repetit
298 3761 378 3821 idem
400 3759 632 3840 pulcherrimam
654 3759 811 3820 lectionem
840 3776 885 3836 ge.
910 3757 937 3817 ll
960 3753 999 3816 81
1028 3757 1144 3816 eacr‘lr't
1172 3756 1204 3814 in
1232 3753 1295 3814 solo

158 3881 180 3940 γ
202 3873 355 3932 servatam,
380 3881 467 3942 quam
489 3862 680 3923 librariorum
696 3862 816 3936 (Maleo)
838 3858 1024 3937 neglegentia
1040 3857 1174 3936 corrupit
1188 3858 1296 3916 omissa

157 3963 181 4022 L
208 3965 286 4024 inter
315 3963 388 4024 duas
410 3964 436 4024 l:
472 3963 524 4024 sed
550 3963 734 4022 recentiores
762 3961 809 4022 his
837 3959 883 4020 vel
905 3958 1086 4020 Lachmanni
1108 3959 1298 4019 coniecturae

157 4083 263 4144 parum
291 4083 469 4127 numerosae
498 4063 621 4125 credere
650 4062 817 4125 maluerunt
843 4079 932 4141 quam
960 4062 1096 4140 antiquae
1124 4059 1306 4147 memoriae

156 4162 341 4228 Testimonio
365 4168 519 4228 confirmat
539 4169 705 4227 calorem
727 4183 772 4242 ge.
796 4160 901 4225 11344
923 4163 1073 4241 (Mltybc)
1097 4161 1200 4222 eodem
1222 4178 1295 4222 neu-

157 4270 233 4329 trius
255 4271 374 4347 generis
395 4267 533 4348 exemplo
555 4267 692 4329 Plautino
715 4261 823 4336 addito,
848 4283 906 4342 quo
921 4263 1120 4345 Philargyrius
1141 4265 1237 4337 calor,
1262 4271 1295 4322 nt

157 4371 189 4430 in
212 4372 241 4430 P
259 4367 346 4439 extat,
370 4370 510 4440 delendit,
534 4378 568 4430 ut
590 4388 625 4429 ex
642 4369 745 4429 eodem
761 4376 920 4444 utrumque
935 4366 1147 4427 commentario
1159 4364 1296 4423 hausisse
1333 4369 1337 4378 ’

156 4473 302 4550 suspicer.
356 4473 514 4532 Praeterea
547 4473 742 4570 tenendam
768 4486 820 4546 ge.
853 4469 878 4527 ll
906 4465 967 4527 371
1002 4469 1157 4540 (tuendam
1186 4466 1291 4538 RVi),

1026 4564 1089 4627 14*
