3276 5050
631 441 878 486 eaortaaonana.
1256 499 1263 506 ι
1283 417 1323 482 91

172 614 274 674 ‘arma
296 613 478 691 virumque’,
503 617 619 671 ceteros
642 618 674 671 ut
696 612 837 680 omittam,
861 610 1027 670 certissima
1051 615 1152 670 extant
1174 609 1270 672 uvidis
1293 618 1323 670 et

173 715 324 794 Propertii
346 714 525 776 testimonia.
558 713 672 790 'ltaque
694 731 755 773 non
778 711 909 772 melioris
930 713 1114 772 auctoritatis
1128 711 1190 774 Nisi
1207 729 1317 781 versus,

174 835 263 896 quam
288 833 362 894 quos
384 813 421 875 ad
443 811 558 875 V1289
581 815 702 875 Servius
716 815 869 874 Parisinus
890 813 1043 875 adnotavit
1065 813 1122 874 dici
1145 812 1323 892 quibusdam

176 916 321 978 hocloco
344 935 360 976 a
383 924 469 994 poeta
499 915 642 987 relictos,
677 917 729 976 sed
758 915 795 976 ab
826 917 890 987 eius
918 914 1161 976 emendatoribus
1193 913 1325 976 sublatos

174 1037 249 1089 csse,
285 1026 314 1079 et
345 1036 419 1098 quos
452 1017 691 1079 ‘circumductos
719 1019 855 1078 inventos
890 1016 948 1076 dici
978 1024 1007 1076 et
1030 1023 1113 1076 extra
1135 1017 1272 1095 paginam
1296 1019 1326 1076 'm

168 1119 304 1188 ,mundo'
327 1127 389 1180 tres
411 1119 572 1182 versiculos
594 1119 630 1180 ad
653 1119 693 1180 lll
713 1116 779 1180 204
800 1117 930 1180 Danielis
946 1118 1066 1179 Servius
1090 1124 1202 1180 narrat.
1243 1117 1322 1190 Quo·

174 1241 320 1284 rumnec
343 1211 399 1281 hos
421 1239 476 1282 noe
505 1220 572 1282 illos
600 1223 756 1302 quisquam
783 1223 814 1281 in
848 1227 963 1282 textum
995 1227 1102 1299 poetae
1135 1219 1324 1299 recipiendos

178 1343 243 1386 esse
266 1323 322 1384 sibi
345 1325 502 1402 persuasit.
552 1323 589 1384 Et
611 1325 676 1402 quis
698 1341 759 1384 non
782 1323 878 1384 videat
899 1322 1071 1399 Gorgonum
1095 1321 1130 1382 Vl
1153 1317 1220 1382 289
1242 1341 1324 1384 oom-

176 1427 422 1488 memorationem
448 1425 552 1486 thema
569 1425 661 1486 luisse
684 1425 773 1488 huius
797 1425 1034 1511 exercitamenti:

331 1563 465 1637 Gorgonis
488 1564 515 1619 in
538 1559 626 1620 medio
649 1571 811 1638 portentum
835 1565 950 1620 immane
972 1563 1107 1627 Medusae,

330 1651 454 1723 vipereae
477 1651 579 1706 circum
602 1666 649 1706 ora
673 1667 766 1706 comae
791 1649 837 1705 cni
860 1649 941 1706 sibila
964 1657 1097 1722 torquent

326 1735 495 1808 infamesque
517 1736 609 1808 rigent
632 1735 718 1797 oculi,
742 1741 893 1808 mentoque
916 1735 967 1791 snb
990 1736 1044 1790 imo

327 1828 484 1894 serpentum
508 1821 635 1876 extremis
657 1820 794 1876 nodantur
816 1819 923 1876 vincula
949 1819 1041 1876 caudis
1064 1820 1124 1874 —?

175 1987 237 2048 Nec
259 1987 366 2047 horum
391 2003 530 2046 versuum
553 1983 681 2046 absurda
705 1983 900 2046 tintinnabula

327 2125 391 2182 hinc
412 2124 521 2197 Pelopis
544 2132 640 2198 gentes
662 2125 818 2198 Maleaeque
842 2126 965 2181 sonantia
988 2141 1051 2180 saxa

329 2215 520 2276 circumstant,
544 2209 701 2283 pariterque
723 2210 811 2266 undae
834 2217 980 2284 terraeque
1003 2211 1151 2266 minantur.

328 2295 470 2369 pulsamur
492 2297 579 2350 saevis
602 2304 629 2351 et
653 2295 879 2351 circumsistimur
901 2294 980 2350 undis

154 2425 244 2490 'cum
273 2428 413 2505 genuinis
441 2435 546 2506 poetae
576 2426 675 2487 verbis
698 2427 740 2488 ΙΙΙ
763 2423 932 2488 192-204
960 2425 1121 2489 conciliari.
1138 2444 1227 2506 posse
1256 2425 1324 2486 olim
1365 2495 1368 2500 ¹

177 2528 328 2590 adnotavi:
352 2527 404 2589 sed
427 2528 519 2590 scribi
541 2547 681 2608 umquam
706 2529 742 2590 ab
767 2548 802 2590 eo
825 2531 956 2608 potuisse
979 2531 1086 2590 lortius
1111 2527 1256 2590 debebam
1273 2547 1325 2588 ne·

176 2649 256 2710 gare.
302 2629 396 2692 lmmo
419 2631 575 2695 manifesta
592 2639 728 2692 tenemus
743 2631 896 2692 mendacia
911 2630 1169 2710 interpolatorum,
1195 2631 1244 2710 qui
1266 2646 1324 2706 quo

176 2731 291 2794 facilius
315 2740 482 2792 commenta
509 2751 560 2792 sua
590 2732 720 2794 credulis
747 2733 948 2802 venditarent,
984 2738 1222 2811 praetexuerunt
1256 2734 1324 2792 ‘au-

176 2835 318 2896 thentici'
343 2833 529 2912 exemplaris,
554 2834 634 2912 quod
650 2851 813 2912 numquam
839 2836 1039 2912 inspexerant,
1062 2833 1252 2894 inexhaustas
1272 2850 1324 2894 nc·

177 2938 240 2998 scio
263 2955 337 3016 quas
360 2934 555 3014 reliquias*).
601 2935 697 3015 Ipsius
720 2943 819 2996 antem
841 2935 918 3005 Nisi,
948 2937 995 2996 cui
1018 2954 1100 2996 suam
1127 2938 1158 2996 in
1187 2934 1325 2996 notandis
1381 2971 1394 2986 ι

179 3037 392 3106 vocabulorum
415 3037 522 3096 lormis
550 3037 793 3114 exagitandisque
823 3037 1006 3098 soloecismis
1035 3045 1064 3098 et
1090 3038 1174 3098 lastis
1202 3055 1324 3115 compu-

178 3139 274 3201 tandis
296 3138 414 3200 laudem
439 3138 508 3199 nolo
532 3140 660 3218 eripere,
684 3139 730 3199 b1s
752 3140 783 3198 in
806 3138 898 3200 rebus
920 3141 980 3199 sive
1003 3139 1089 3200 tidem
1114 3140 1175 3199 sive
1197 3139 1324 3199 auctori·

147 3269 153 3283 ·
178 3249 268 3302 tatem
291 3239 450 3300 admodum
478 3239 573 3302 levem
603 3259 668 3309 csse
691 3239 737 3302 vel
761 3259 793 3300 ea
816 3239 938 3310 docent,
968 3257 1043 3318 qnae
1072 3241 1167 3310 idem,
1196 3247 1229 3300 nt
1251 3239 1324 3300 Sue·

176 3343 252 3404 tonii
275 3342 364 3404 verba
387 3349 539 3421 repetam,
568 3342 702 3402 ‘audisse
724 3361 755 3402 se
778 3361 794 3402 a
819 3341 987 3402 senioribus
1010 3342 1159 3412 dicebat',
1191 3360 1323 3403 commu·

177 3451 256 3504 tasse
288 3444 408 3504 Varium
437 3444 565 3505 duorum
592 3443 738 3504 librorum
767 3443 902 3504 ordinem
932 3450 961 3502 et
989 3446 1039 3522 qui
1068 3463 1147 3506 nunc
1176 3443 1325 3504 secundus

178 3554 223 3606 est
245 3547 276 3605 in
299 3547 439 3624 primurn,
469 3548 589 3606 tertium
612 3548 643 3606 in
666 3545 846 3614 secundum,
876 3547 1005 3624 primum
1028 3547 1059 3604 in
1081 3547 1202 3606 tertium
1224 3544 1324 3608 locum

178 3645 381 3716 transtulisse,
417 3648 558 3708 nimirum
593 3649 679 3727 ‘qnia
705 3649 803 3727 primo
826 3646 912 3708 Ilium
936 3647 1081 3717 concidit,
1115 3659 1182 3726 post
1216 3648 1326 3708 erravit

176 3751 301 3818 Aeneas,
326 3748 396 3808 inde
420 3748 456 3816 ad
479 3748 602 3810 Didonis
624 3767 717 3828 regna
738 3750 891 3828 pervenit’
916 3747 1045 3828 (Servius
1067 3749 1162 3829 prael.
1179 3746 1221 3828 2),
1246 3748 1325 3826 quod

178 3867 267 3927 quam
289 3849 385 3910 futtile
409 3857 438 3910 et
460 3850 497 3912 ab
521 3853 601 3912 omni
624 3853 695 3928 artis
718 3870 808 3912 sensu
831 3849 997 3911 abhorrens
1018 3850 1161 3912 iudicium
1185 3857 1325 3912 essetne

178 3952 314 4040 Servipm
337 3950 458 4028 quidem
480 3953 567 4031 lngit.
621 3953 730 4014 Poetae
752 3955 843 4032 igitur
865 3953 1021 4030 ingenioso
1045 3960 1073 4014 et
1095 3951 1232 4016 lamiliari
1253 3954 1324 4012 Ver·
1359 4025 1360 4028 Ἴ

177 4051 240 4132 gilii
261 4060 374 4114 tantam
398 4053 549 4116 stultitiam
572 4055 711 4134 inputare
735 4057 801 4133 quis
822 4062 924 4135 posset
946 4056 1002 4115 nisi
1025 4056 1088 4134 ipse
1112 4054 1158 4115 bis
1180 4056 1211 4115 in
1233 4053 1324 4116 rebus

177 4153 387 4216 stultissimus?

246 4425 275 4491 *)
295 4427 369 4492 Ergo
388 4427 421 4477 de
439 4443 535 4479 versus
553 4427 657 4479 111226
677 4444 784 4495 qnoque
797 4429 986 4500 dittographia
1005 4429 1221 4481 ‘circumducta’
1241 4429 1321 4480 testi-

178 4511 263 4562 monii
281 4510 349 4562 fidos
368 4512 498 4580 ambigua
517 4517 569 4566 est.
