3212 5042
607 394 852 436 rnocaooueus.
1258 372 1301 438 43

146 564 215 642 ipse
237 561 386 622 intellexit
406 579 450 622 vv.
468 556 766 622 252-2561ceuus
789 563 873 622 initio
897 564 1001 641 caprilis
1023 565 1105 642 poni,
1130 563 1180 626 ubi
1203 569 1300 624 tamen

148 683 208 726 una
242 683 311 725 cum
341 669 482 740 quattuor
511 681 553 722 vv.
582 658 751 724 204-207
781 662 861 724 nullo
890 663 979 724 modo
1013 673 1137 744 possunt
1169 664 1301 728 tolerari.

148 766 261 826 Verum
286 764 366 842 quod
389 763 596 824 animadvertit
617 765 781 841 genuinum
805 765 940 826 ordinem
963 765 1058 828 videri
1081 765 1226 828 ‘iudicari
1249 786 1297 827 vo·

147 865 262 928 oabulis
285 871 381 928 multu
404 884 428 926 v.
451 861 524 933 260,
549 868 700 942 quaedam
722 863 795 935 268,
819 870 913 928 multo
937 869 1012 928 odeo
1034 863 1105 936 287,
1129 867 1159 928 id
1182 868 1301 948 quidem

148 967 262 1029 videbit
284 987 301 1028 a
324 986 373 1028 me
396 984 515 1046 quoque
538 966 726 1028 observatum
751 986 824 1030 esse.
878 967 936 1028 Sed
960 988 1036 1048 quae
1059 989 1075 1030 a
1098 968 1213 1030 dierum
1237 988 1301 1032 cer·

147 1080 249 1132 torum
272 1068 375 1130 indole
397 1069 433 1130 ad
457 1068 610 1130 subseciva
639 1087 730 1148 opera
759 1071 917 1130 transitum
947 1079 1033 1149 paret
1055 1073 1235 1132 sententiam
1256 1072 1300 1132 ui·

149 1171 316 1256 bilominus
339 1169 485 1232 desidero.
1042 1167 1046 1174 '

235 1274 377 1334 Fortasse
400 1291 432 1333 ea
457 1289 584 1352 quoque,
608 1290 683 1350 quiae
707 1294 722 1335 a
751 1282 833 1336 textu
856 1275 987 1352 genuino
1015 1274 1108 1336 aliena
1140 1293 1207 1336 esse
1228 1273 1300 1336 Fer·

150 1357 301 1438 dinandus
323 1375 421 1452 Hitzig
442 1376 473 1436 in
496 1393 571 1436 mus.
589 1374 684 1436 Rben.
701 1375 751 1436 XV
772 1372 833 1436 321
858 1375 1066 1436 demonstrare
1089 1375 1211 1445 studuit,
1235 1374 1303 1438 libri

149 1477 192 1538 lll
208 1475 250 1539 82
265 1497 310 1556 sq.
335 1476 525 1538 adnotatione
548 1475 674 1553 quadam
696 1479 889 1538 retractantis
912 1497 965 1540 sua
988 1484 1094 1558 poetae
1117 1477 1206 1538 inlata
1223 1484 1301 1538 sunt.

149 1579 225 1642 Nam
249 1578 358 1640 melius
380 1577 500 1658 placere
523 1579 661 1657 generosi
683 1577 759 1657 pulli
781 1579 1013 1658 descriptionem
1030 1598 1091 1640 non
1105 1581 1303 1658 interruptam

149 1680 287 1742 colorum
310 1680 499 1741 distinctione
521 1681 585 1759 ipse
609 1681 767 1749 confiteor,
798 1679 850 1740 sed
880 1687 913 1740 ut
939 1699 977 1740 ne
1007 1699 1041 1741 ea
1064 1681 1199 1758 quidem,
1228 1698 1303 1761 quae

150 1784 299 1862 Hitzigius
321 1783 433 1844 servari
455 1781 547 1844 voluit
568 1780 702 1842 ‘honesti
726 1781 869 1860 spadicis'
893 1780 929 1844 ad
954 1779 1094 1861 ‘pe‘ctus'
1117 1781 1210 1844 relata
1232 1801 1302 1862 pro·

151 1885 230 1956 bem,
255 1884 309 1946 sed
333 1885 463 1946 anticum
486 1885 596 1944 exitum
620 1901 646 1944 v.
670 1880 709 1944 81
735 1891 764 1944 et
785 1880 826 1944 83
855 1885 973 1944 initium
995 1885 1108 1946 inserto
1130 1883 1232 1946 notula
1254 1883 1303 1946 illa

153 1986 345 2048 intercidisse
368 1994 478 2064 putem.
1239 2069 1242 2074 ἱ

239 2089 313 2172 ltcm
338 2086 477 2148 secundis
500 2088 580 2149 euris
602 2086 701 2148 addita
725 2088 839 2148 conieci
861 2085 876 2147 l
899 2085 969 2148 173.
996 2083 1065 2157 175,
1090 2106 1216 2166 quornm
1238 2089 1303 2168 ipse

156 2189 294 2251 turbatus
317 2189 391 2250 ordo
415 2189 452 2250 de
474 2188 630 2266 marginali
653 2197 723 2250 nota
746 2190 949 2267 suspicionem
972 2189 1136 2250 confirmat.

241 2293 347 2364 Quarti
362 2289 430 2352 libri
446 2309 470 2350 v.
487 2287 559 2360 276,
577 2293 625 2351 cui
641 2290 738 2352 scabri
754 2289 862 2369 aliquid
879 2309 943 2352 esse
955 2290 1170 2371 Peerlkampus
1186 2310 1304 2372 quoque

152 2414 181 2474 p.
195 2391 260 2456 288
283 2395 385 2462 sensit,
410 2391 529 2452 delendi
544 2394 645 2472 possit,
671 2394 695 2453 si
718 2400 840 2472 recepta
862 2393 909 2454 vel
925 2393 1088 2458 Burmanni
1111 2393 1215 2456 ‘deum
1232 2393 1302 2454 hinc

152 2497 255 2557 nexis'
279 2494 324 2554 vel
347 2492 534 2573 Peerlkampi
556 2498 660 2556 ‘ornat
683 2494 720 2554 de
744 2493 899 2573 torquibus
922 2496 1005 2557 aras'
1035 2496 1206 2558 coniectura
1234 2503 1304 2576 post

154 2617 178 2658 v.
195 2594 259 2658 278
283 2595 456 2656 collocetur.
501 2595 559 2656 Sed
582 2595 672 2656 malui
696 2614 757 2656 non
779 2603 924 2658 mutatum
948 2597 1031 2656 uncis
1054 2595 1218 2670 includere,
1242 2599 1303 2660 sive

153 2700 219 2776 quis
241 2696 505 2776 interpolationem
529 2699 590 2758 sive
619 2715 748 2776 pannum
778 2697 816 2762 ab
844 2698 909 2776 ipso
936 2705 1025 2776 pocta
1055 2699 1194 2761 secundis
1223 2701 1303 2762 curis

156 2800 294 2862 adsutum
316 2797 446 2860 babebit.

237 2903 274 2964 At
302 2899 520 2980 inprobabilcm
549 2900 693 2962 Tittlerus
724 2902 893 2981 opinionem
923 2903 953 2962 in
983 2919 1084 2980 progr.
1109 2901 1245 2980 Brigcnsi
1272 2922 1303 2982 p.

154 2999 282 3064 12-21
314 3001 391 3062 lianc
413 3002 550 3082 protulit:
586 3001 665 3092 solos
686 3003 780 3065 libros
804 3004 815 3063 l
839 3013 867 3063 et
891 3005 917 3065 Il
941 3010 1012 3064 ante
1034 3022 1146 3065 annum
1176 3001 1238 3066 724
1264 3004 1302 3068 ab

153 3107 218 3185 ipso
241 3111 330 3185 poeta
348 3103 460 3172 editos,
485 3103 637 3166 absolutos
660 3112 690 3166 et
712 3105 874 3168 Maecenati
899 3104 1019 3182 quidem
1042 3113 1132 3182 atquc
1155 3105 1228 3167 adeo
1243 3108 1302 3168 Au·

152 3214 238 3283 gusto
262 3207 388 3268 traditos
411 3225 488 3266 anno
505 3203 567 3268 725
590 3207 677 3268 etiam
701 3209 821 3268 tertium
846 3214 876 3266 et
898 3214 1046 3284 quartum,
1070 3206 1180 3284 publici
1203 3215 1303 3268 tamen

152 3310 226 3370 iuris
248 3325 413 3385 numquam
442 3310 537 3384 laetos
565 3326 647 3378 esse,
682 3316 716 3370 ut
744 3311 776 3369 in
802 3307 911 3386 quibus
938 3307 1140 3388 perpoliendis
1168 3315 1302 3372 coactum

153 3410 266 3472 scilicet
287 3411 467 3472 Maecenatis
490 3411 575 3472 iussu
597 3409 734 3472 undecim
757 3429 851 3472 annos
874 3410 1027 3488 usquead
1050 3417 1177 3472 mortem
1198 3417 1302 3472 auctor

152 3510 351 3580 desudaverit,
376 3512 415 3571 ita
439 3511 557 3588 quidem
580 3519 614 3571 ut
636 3531 702 3572 cum
725 3514 823 3591 primo
848 3515 926 3573 tertii
948 3511 1018 3572 libri
1039 3513 1226 3592 prooemium
1241 3511 1300 3574 tale

152 3613 361 3674 constituisset
378 3610 460 3674 1-8
477 3615 555 3694 (acer
572 3613 675 3692 equis),
691 3609 741 3676 ‚40
756 3613 921 3692 (dryadum)
937 3611 1035 3685 -48‚
1052 3622 1156 3694 postea
1171 3615 1300 3676 resectis

154 3713 169 3775 l
194 3733 238 3794 sq.
262 3711 390 3776 46-48
412 3716 443 3775 in
465 3716 591 3792 Augusti
613 3713 756 3776 honorem
781 3733 806 3774 v.
823 3713 929 3778 3-45
952 3717 1097 3794 punxerit.

240 3817 322 3889 Quae
345 3835 400 3878 cur
422 3835 482 3878 non
505 3814 648 3895 placeant,
672 3823 704 3877 ut
726 3816 795 3877 olim
818 3817 848 3878 in
871 3817 1030 3878 emendati.
1053 3817 1138 3896 Verg.
1163 3837 1192 3897 p.
1217 3816 1233 3878 1
1257 3836 1306 3898 sq.-

154 3920 327 3998 significavi,
352 3920 392 3978 ita
414 3918 463 3980 hic
485 3907 663 3979 brevissime
685 3925 828 3998 repetam.
873 3919 957 3980 Hanc
980 3921 1057 3980 enim
1081 3918 1138 3979 loci
1159 3918 1248 3990 illius,
1271 3922 1303 3982 in

152 4039 212 4098 quo
236 4019 433 4082 examinando
456 4021 532 4082 mire
555 4026 708 4098 argutatus
737 4028 782 4080 cst
804 4021 894 4081 homo
918 4020 1036 4090 doctus,
1067 4039 1213 4082 summam
1236 4040 1302 4084 esse

151 4122 244 4184 video.
297 4123 468 4200 ‘Expositis
490 4122 658 4201 plantarum
681 4120 847 4184 rationibus
875 4122 912 4182 de
935 4141 1044 4201 pecore
1067 4140 1187 4200 quoque
1211 4123 1299 4194 etde

150 4226 271 4304 pascuis
294 4223 401 4284 dicam.
445 4226 482 4284 m
504 4225 585 4285 iuvat
606 4223 675 4284 talia
699 4243 820 4295 cancre,
851 4242 926 4302 quae
948 4232 1105 4304 poetarum
1127 4224 1234 4286 turbae
1255 4226 1300 4285 in·

150 4333 226 4388 tacta
250 4327 327 4396 sint,
358 4325 567 4404 piget-autem
595 4327 626 4386 in
650 4325 753 4388 silvam
775 4325 854 4404 ligno
882 4326 1010 4388 adferre.
1065 4326 1139 4386 Nam
1168 4326 1198 4386 id
1229 4325 1301 4386 milri

147 4428 303 4509 proposui,
329 4433 361 4488 ut
384 4428 478 4490 vietor
494 4434 664 4490 ceterorum
681 4447 716 4488 ex
732 4427 920 4490 multitudine
937 4428 1031 4490 clatus
1045 4429 1144 4508 ipsum
1162 4429 1301 4488 verticem
