<?xml version="1.0" encoding="UTF-8"?>
<!DOCTYPE html PUBLIC "-//W3C//DTD XHTML 1.0 Transitional//EN"
    "http://www.w3.org/TR/xhtml1/DTD/xhtml1-transitional.dtd">
<html xmlns="http://www.w3.org/1999/xhtml" xml:lang="en" lang="en">
 <head>
  <title>
</title>
<meta http-equiv="Content-Type" content="text/html;charset=utf-8" />
  <meta name='ocr-system' content='tesseract 3.04.00' />
  <meta name='ocr-capabilities' content='ocr_page ocr_carea ocr_par ocr_line ocrx_word'/>
</head>
<body>
  <div class='ocr_page' id='page_1' title='image "./pvergilimaronis02ribbgoog/pvergilimaronis02ribbgoog_0121.png"; bbox 0 0 3276 5050; ppageno 0'>
   <div class='ocr_carea' id='block_1_1' title="bbox 331 391 1020 462">
    <p class='ocr_par' dir='ltr' id='par_1_1' title="bbox 331 391 1020 462">
     <span class='ocr_line' id='line_1_1' title="bbox 331 391 1020 462; baseline 0.007 -7"><span class='ocrx_word' id='word_1_1' title='bbox 331 391 374 456; x_wconf 89' lang='lat'><strong>80</strong></span> <span class='ocrx_word' id='word_1_2' title='bbox 778 417 1020 462; x_wconf 78' lang='lat' dir='ltr'><strong>rcouuoouurm.</strong></span> 
     </span>
    </p>
   </div>
   <div class='ocr_carea' id='block_1_2' title="bbox 288 581 1524 4550">
    <p class='ocr_par' dir='ltr' id='par_1_2' title="bbox 288 581 1524 1769">
     <span class='ocr_line' id='line_1_2' title="bbox 288 581 1476 666; baseline 0.005 -25"><span class='ocrx_word' id='word_1_3' title='bbox 288 619 291 626; x_wconf 92' lang='lat'>-</span> <span class='ocrx_word' id='word_1_4' title='bbox 331 583 439 642; x_wconf 85' lang='lat' dir='ltr'><strong>merito</strong></span> <span class='ocrx_word' id='word_1_5' title='bbox 466 582 644 661; x_wconf 79' lang='lat' dir='ltr'><strong>vituperavit</strong></span> <span class='ocrx_word' id='word_1_6' title='bbox 670 582 901 664; x_wconf 86' lang='lat' dir='ltr'><strong>Peerlkampus‚</strong></span> <span class='ocrx_word' id='word_1_7' title='bbox 932 585 1070 666; x_wconf 87' lang='lat' dir='ltr'><strong>displicet</strong></span> <span class='ocrx_word' id='word_1_8' title='bbox 1097 581 1276 663; x_wconf 80' lang='grc' dir='ltr'><strong><em>κακοζηλία</em></strong></span> <span class='ocrx_word' id='word_1_9' title='bbox 1304 601 1361 663; x_wconf 89' lang='lat' dir='ltr'><strong>qua</strong></span> <span class='ocrx_word' id='word_1_10' title='bbox 1390 593 1476 662; x_wconf 76' lang='lat' dir='ltr'><strong>terpo</strong></span> 
     </span>
     <span class='ocr_line' id='line_1_3' title="bbox 331 683 1475 766; baseline 0.003 -22"><span class='ocrx_word' id='word_1_11' title='bbox 331 685 476 746; x_wconf 79' lang='lat' dir='ltr'><strong>bracchia</strong></span> <span class='ocrx_word' id='word_1_12' title='bbox 495 683 611 744; x_wconf 92' lang='lat' dir='ltr'><strong>intendi</strong></span> <span class='ocrx_word' id='word_1_13' title='bbox 633 683 791 766; x_wconf 87' lang='lat' dir='ltr'><strong>dicuntur),</strong></span> <span class='ocrx_word' id='word_1_14' title='bbox 815 689 885 748; x_wconf 91' lang='lat' dir='ltr'><strong>item</strong></span> <span class='ocrx_word' id='word_1_15' title='bbox 909 687 945 748; x_wconf 90' lang='lat' dir='ltr'><strong>de</strong></span> <span class='ocrx_word' id='word_1_16' title='bbox 969 706 993 747; x_wconf 93' lang='lat' dir='ltr'><strong>v.</strong></span> <span class='ocrx_word' id='word_1_17' title='bbox 1017 683 1079 747; x_wconf 78' lang='grc'><strong>467</strong></span> <span class='ocrx_word' id='word_1_18' title='bbox 1103 693 1185 747; x_wconf 88' lang='lat' dir='ltr'><strong>recte</strong></span> <span class='ocrx_word' id='word_1_19' title='bbox 1207 685 1353 748; x_wconf 87' lang='lat' dir='ltr'><strong>iudicasse</strong></span> <span class='ocrx_word' id='word_1_20' title='bbox 1375 687 1475 748; x_wconf 88' lang='lat' dir='ltr'><strong>Peerl-</strong></span> 
     </span>
     <span class='ocr_line' id='line_1_4' title="bbox 331 775 1472 874; baseline 0.002 -26"><span class='ocrx_word' id='word_1_21' title='bbox 331 787 457 866; x_wconf 86' lang='lat' dir='ltr'><strong>lampus</strong></span> <span class='ocrx_word' id='word_1_22' title='bbox 479 787 605 848; x_wconf 89' lang='lat' dir='ltr'><strong>videtur.</strong></span> <span class='ocrx_word' id='word_1_23' title='bbox 635 786 709 848; x_wconf 90' lang='lat' dir='ltr'><strong>Nam</strong></span> <span class='ocrx_word' id='word_1_24' title='bbox 734 787 969 860; x_wconf 84' lang='lat' dir='ltr'><strong>Schwenclrium,</strong></span> <span class='ocrx_word' id='word_1_25' title='bbox 994 790 1046 869; x_wconf 92' lang='lat' dir='ltr'><strong>qui</strong></span> <span class='ocrx_word' id='word_1_26' title='bbox 1068 775 1162 874; x_wconf 82' lang='lat' dir='ltr'><strong>deleri</strong></span> <span class='ocrx_word' id='word_1_27' title='bbox 1183 790 1270 850; x_wconf 90' lang='lat' dir='ltr'><strong>iussit</strong></span> <span class='ocrx_word' id='word_1_28' title='bbox 1291 807 1318 850; x_wconf 92' lang='lat' dir='ltr'><strong>v.</strong></span> <span class='ocrx_word' id='word_1_29' title='bbox 1335 787 1398 850; x_wconf 87' lang='grc'><strong>285</strong></span> <span class='ocrx_word' id='word_1_30' title='bbox 1420 790 1472 850; x_wconf 91' lang='lat' dir='ltr'><strong>he-</strong></span> 
     </span>
     <span class='ocr_line' id='line_1_5' title="bbox 330 874 1524 967; baseline 0.003 -18"><span class='ocrx_word' id='word_1_31' title='bbox 330 889 513 950; x_wconf 84' lang='lat' dir='ltr'><strong>mistichium</strong></span> <span class='ocrx_word' id='word_1_32' title='bbox 534 907 648 967; x_wconf 75' lang='lat' dir='ltr'><strong>negans</strong></span> <span class='ocrx_word' id='word_1_33' title='bbox 669 891 723 950; x_wconf 76' lang='lat' dir='ltr'><strong>aab</strong></span> <span class='ocrx_word' id='word_1_34' title='bbox 748 889 840 952; x_wconf 91' lang='lat' dir='ltr'><strong>ubere</strong></span> <span class='ocrx_word' id='word_1_35' title='bbox 861 893 964 954; x_wconf 87' lang='lat' dir='ltr'><strong>matris</strong></span> <span class='ocrx_word' id='word_1_36' title='bbox 987 891 1114 951; x_wconf 90' lang='lat' dir='ltr'><strong>bumana</strong></span> <span class='ocrx_word' id='word_1_37' title='bbox 1131 897 1235 952; x_wconf 90' lang='lat' dir='ltr'><strong>enatos</strong></span> <span class='ocrx_word' id='word_1_38' title='bbox 1251 890 1371 961; x_wconf 91' lang='lat' dir='ltr'><strong>cubare,</strong></span> <span class='ocrx_word' id='word_1_39' title='bbox 1388 911 1476 953; x_wconf 93' lang='lat' dir='ltr'><strong>nemo</strong></span> <span class='ocrx_word' id='word_1_40' title='bbox 1521 874 1524 880; x_wconf 40' lang='lat'>¹</span> 
     </span>
     <span class='ocr_line' id='line_1_6' title="bbox 331 990 1477 1071; baseline 0.002 -19"><span class='ocrx_word' id='word_1_41' title='bbox 331 999 474 1071; x_wconf 87' lang='lat' dir='ltr'><strong>sequetur</strong></span> <span class='ocrx_word' id='word_1_42' title='bbox 497 993 548 1068; x_wconf 90' lang='lat' dir='ltr'><strong>qui</strong></span> <span class='ocrx_word' id='word_1_43' title='bbox 571 1009 711 1070; x_wconf 89' lang='lat' dir='ltr'><strong>umquam</strong></span> <span class='ocrx_word' id='word_1_44' title='bbox 734 990 880 1054; x_wconf 90' lang='lat' dir='ltr'><strong>lactentes</strong></span> <span class='ocrx_word' id='word_1_45' title='bbox 902 993 1030 1056; x_wconf 85' lang='lat' dir='ltr'><strong>inientes</strong></span> <span class='ocrx_word' id='word_1_46' title='bbox 1052 993 1166 1053; x_wconf 90' lang='lat' dir='ltr'><strong>viderit.</strong></span> <span class='ocrx_word' id='word_1_47' title='bbox 1212 993 1339 1054; x_wconf 81' lang='lat' dir='ltr'><strong>Temere</strong></span> <span class='ocrx_word' id='word_1_48' title='bbox 1355 994 1477 1054; x_wconf 92' lang='lat' dir='ltr'><strong>Servius</strong></span> 
     </span>
     <span class='ocr_line' id='line_1_7' title="bbox 332 1089 1475 1176; baseline -0.001 -21"><span class='ocrx_word' id='word_1_49' title='bbox 332 1112 452 1174; x_wconf 91' lang='lat' dir='ltr'><strong>quoque</strong></span> <span class='ocrx_word' id='word_1_50' title='bbox 469 1113 494 1154; x_wconf 92' lang='lat' dir='ltr'><strong>v.</strong></span> <span class='ocrx_word' id='word_1_51' title='bbox 510 1089 583 1163; x_wconf 75' lang='lat'><strong>457,</strong></span> <span class='ocrx_word' id='word_1_52' title='bbox 608 1094 693 1154; x_wconf 91' lang='lat' dir='ltr'><strong>cuius</strong></span> <span class='ocrx_word' id='word_1_53' title='bbox 715 1112 776 1154; x_wconf 91' lang='lat' dir='ltr'><strong>non</strong></span> <span class='ocrx_word' id='word_1_54' title='bbox 799 1097 892 1156; x_wconf 87' lang='lat' dir='ltr'><strong>sensit</strong></span> <span class='ocrx_word' id='word_1_55' title='bbox 914 1094 1090 1176; x_wconf 78' lang='lat' dir='ltr'><strong>elegantiam</strong></span> <span class='ocrx_word' id='word_1_56' title='bbox 1107 1095 1154 1174; x_wconf 87' lang='lat' dir='ltr'><strong>(cl.</strong></span> <span class='ocrx_word' id='word_1_57' title='bbox 1170 1095 1335 1173; x_wconf 84' lang='lat' dir='ltr'><strong>Wagnerus</strong></span> <span class='ocrx_word' id='word_1_58' title='bbox 1351 1103 1475 1172; x_wconf 81' lang='lat' dir='ltr'><strong>quaesti.</strong></span> 
     </span>
     <span class='ocr_line' id='line_1_8' title="bbox 331 1192 1474 1276; baseline 0.002 -19"><span class='ocrx_word' id='word_1_59' title='bbox 331 1198 419 1275; x_wconf 83' lang='lat' dir='ltr'><strong>Verg.</strong></span> <span class='ocrx_word' id='word_1_60' title='bbox 432 1194 500 1256; x_wconf 82' lang='lat' dir='ltr'><strong>XXI</strong></span> <span class='ocrx_word' id='word_1_61' title='bbox 512 1192 555 1274; x_wconf 82' lang='lat'><strong>8),</strong></span> <span class='ocrx_word' id='word_1_62' title='bbox 579 1197 658 1256; x_wconf 91' lang='lat' dir='ltr'><strong>inter</strong></span> <span class='ocrx_word' id='word_1_63' title='bbox 680 1195 818 1257; x_wconf 80' lang='lat' dir='ltr'><strong>tibicines</strong></span> <span class='ocrx_word' id='word_1_64' title='bbox 832 1196 956 1258; x_wconf 89' lang='lat' dir='ltr'><strong>rettulit.</strong></span> <span class='ocrx_word' id='word_1_65' title='bbox 980 1201 1023 1272; x_wconf 65' lang='lat' dir='ltr'><strong>‚m</strong></span> <span class='ocrx_word' id='word_1_66' title='bbox 1038 1197 1144 1276; x_wconf 82' lang='lat' dir='ltr'><strong>dignus</strong></span> <span class='ocrx_word' id='word_1_67' title='bbox 1167 1215 1202 1256; x_wconf 91' lang='lat' dir='ltr'><strong>eo</strong></span> <span class='ocrx_word' id='word_1_68' title='bbox 1225 1199 1345 1258; x_wconf 92' lang='lat' dir='ltr'><strong>nomine</strong></span> <span class='ocrx_word' id='word_1_69' title='bbox 1359 1217 1386 1258; x_wconf 91' lang='lat' dir='ltr'><strong>v.</strong></span> <span class='ocrx_word' id='word_1_70' title='bbox 1403 1196 1474 1268; x_wconf 81' lang='grc'>572,</span> 
     </span>
     <span class='ocr_line' id='line_1_9' title="bbox 331 1293 1476 1378; baseline 0.001 -20"><span class='ocrx_word' id='word_1_71' title='bbox 331 1317 418 1377; x_wconf 89' lang='lat' dir='ltr'><strong>quem</strong></span> <span class='ocrx_word' id='word_1_72' title='bbox 442 1304 511 1377; x_wconf 88' lang='lat' dir='ltr'><strong>post</strong></span> <span class='ocrx_word' id='word_1_73' title='bbox 531 1293 594 1358; x_wconf 88' lang='lat'><strong>538</strong></span> <span class='ocrx_word' id='word_1_74' title='bbox 621 1297 794 1359; x_wconf 87' lang='lat' dir='ltr'><strong>relicturum</strong></span> <span class='ocrx_word' id='word_1_75' title='bbox 822 1300 915 1360; x_wconf 87' lang='lat' dir='ltr'><strong>luisse</strong></span> <span class='ocrx_word' id='word_1_76' title='bbox 939 1298 1099 1378; x_wconf 84' lang='lat' dir='ltr'><strong>Vergilium</strong></span> <span class='ocrx_word' id='word_1_77' title='bbox 1127 1318 1187 1360; x_wconf 90' lang='lat' dir='ltr'><strong>non</strong></span> <span class='ocrx_word' id='word_1_78' title='bbox 1215 1299 1344 1360; x_wconf 88' lang='lat' dir='ltr'><strong>credam.</strong></span> <span class='ocrx_word' id='word_1_79' title='bbox 1396 1299 1476 1359; x_wconf 93' lang='lat' dir='ltr'><strong>ldem</strong></span> 
     </span>
     <span class='ocr_line' id='line_1_10' title="bbox 331 1395 1478 1482; baseline 0 -22"><span class='ocrx_word' id='word_1_80' title='bbox 331 1401 368 1461; x_wconf 92' lang='lat' dir='ltr'><strong>de</strong></span> <span class='ocrx_word' id='word_1_81' title='bbox 390 1399 488 1462; x_wconf 91' lang='lat' dir='ltr'><strong>verbis</strong></span> <span class='ocrx_word' id='word_1_82' title='bbox 504 1419 529 1458; x_wconf 92' lang='lat' dir='ltr'><strong>v.</strong></span> <span class='ocrx_word' id='word_1_83' title='bbox 554 1395 616 1460; x_wconf 88' lang='grc'><strong>802</strong></span> <span class='ocrx_word' id='word_1_84' title='bbox 638 1403 687 1459; x_wconf 69' lang='lat' dir='ltr'><strong>‘et</strong></span> <span class='ocrx_word' id='word_1_85' title='bbox 708 1399 823 1461; x_wconf 85' lang='lat' dir='ltr'><strong>rabiem</strong></span> <span class='ocrx_word' id='word_1_86' title='bbox 844 1409 956 1462; x_wconf 92' lang='lat' dir='ltr'><strong>tantam</strong></span> <span class='ocrx_word' id='word_1_87' title='bbox 979 1401 1113 1482; x_wconf 89' lang='lat' dir='ltr'><strong>caelique</strong></span> <span class='ocrx_word' id='word_1_88' title='bbox 1134 1403 1304 1480; x_wconf 84' lang='lat' dir='ltr'><strong>marisque&#39;</strong></span> <span class='ocrx_word' id='word_1_89' title='bbox 1328 1403 1399 1464; x_wconf 91' lang='lat' dir='ltr'><strong>satis</strong></span> <span class='ocrx_word' id='word_1_90' title='bbox 1420 1401 1478 1461; x_wconf 92' lang='lat' dir='ltr'><strong>illis</strong></span> 
     </span>
     <span class='ocr_line' id='line_1_11' title="bbox 330 1501 1476 1584; baseline 0 -22"><span class='ocrx_word' id='word_1_91' title='bbox 330 1503 450 1584; x_wconf 91' lang='lat' dir='ltr'><strong>quidem</strong></span> <span class='ocrx_word' id='word_1_92' title='bbox 477 1503 580 1563; x_wconf 86' lang='lat' dir='ltr'><strong>otiosis</strong></span> <span class='ocrx_word' id='word_1_93' title='bbox 606 1502 714 1564; x_wconf 88' lang='lat' dir='ltr'><strong>iudico.</strong></span> <span class='ocrx_word' id='word_1_94' title='bbox 764 1501 924 1565; x_wconf 81' lang='lat' dir='ltr'><strong>Abundare</strong></span> <span class='ocrx_word' id='word_1_95' title='bbox 953 1525 978 1564; x_wconf 92' lang='lat' dir='ltr'><strong>v.</strong></span> <span class='ocrx_word' id='word_1_96' title='bbox 1001 1501 1066 1564; x_wconf 83' lang='lat'><strong>440</strong></span> <span class='ocrx_word' id='word_1_97' title='bbox 1094 1503 1317 1566; x_wconf 88' lang='lat' dir='ltr'><strong>eoncedendum</strong></span> <span class='ocrx_word' id='word_1_98' title='bbox 1346 1504 1476 1564; x_wconf 86' lang='lat' dir='ltr'><strong>sortasse</strong></span> 
     </span>
     <span class='ocr_line' id='line_1_12' title="bbox 288 1604 1505 1686; baseline -0.001 -20"><span class='ocrx_word' id='word_1_99' title='bbox 288 1609 291 1617; x_wconf 83' lang='lat'><em>&#39;</em></span> <span class='ocrx_word' id='word_1_100' title='bbox 330 1605 536 1685; x_wconf 84' lang='lat' dir='ltr'><strong>Peerlkampo.</strong></span> <span class='ocrx_word' id='word_1_101' title='bbox 592 1605 629 1665; x_wconf 89' lang='lat' dir='ltr'><strong>Et</strong></span> <span class='ocrx_word' id='word_1_102' title='bbox 656 1612 921 1667; x_wconf 78' lang='lat' dir='ltr'><strong>commentatorem</strong></span> <span class='ocrx_word' id='word_1_103' title='bbox 952 1609 1045 1685; x_wconf 87' lang='lat' dir='ltr'><strong>magis</strong></span> <span class='ocrx_word' id='word_1_104' title='bbox 1077 1625 1165 1686; x_wconf 88' lang='lat' dir='ltr'><strong>quam</strong></span> <span class='ocrx_word' id='word_1_105' title='bbox 1198 1612 1318 1685; x_wconf 90' lang='lat' dir='ltr'><strong>poetam</strong></span> <span class='ocrx_word' id='word_1_106' title='bbox 1348 1604 1475 1666; x_wconf 83' lang='lat' dir='ltr'><strong>decebat</strong></span> <span class='ocrx_word' id='word_1_107' title='bbox 1501 1663 1505 1678; x_wconf 83' lang='grc'>,</span> 
     </span>
     <span class='ocr_line' id='line_1_13' title="bbox 330 1705 663 1769; baseline -0.006 -1"><span class='ocrx_word' id='word_1_108' title='bbox 330 1726 433 1769; x_wconf 91' lang='lat' dir='ltr'><strong>versus</strong></span> <span class='ocrx_word' id='word_1_109' title='bbox 455 1705 517 1769; x_wconf 90' lang='grc'><strong>603</strong></span> <span class='ocrx_word' id='word_1_110' title='bbox 540 1705 663 1768; x_wconf 83' lang='lat' dir='ltr'><strong>exilitas.</strong></span> 
     </span>
    </p>

    <p class='ocr_par' dir='ltr' id='par_1_3' title="bbox 330 1807 1480 2504">
     <span class='ocr_line' id='line_1_14' title="bbox 415 1807 1476 1891; baseline 0 -21"><span class='ocrx_word' id='word_1_111' title='bbox 415 1809 553 1870; x_wconf 87' lang='lat' dir='ltr'><strong>Severior</strong></span> <span class='ocrx_word' id='word_1_112' title='bbox 575 1811 676 1871; x_wconf 92' lang='lat' dir='ltr'><strong>nescio</strong></span> <span class='ocrx_word' id='word_1_113' title='bbox 692 1828 731 1872; x_wconf 87' lang='lat' dir='ltr'><strong>an</strong></span> <span class='ocrx_word' id='word_1_114' title='bbox 745 1811 854 1871; x_wconf 87' lang='lat' dir='ltr'><strong>luerim</strong></span> <span class='ocrx_word' id='word_1_115' title='bbox 870 1811 950 1889; x_wconf 92' lang='lat' dir='ltr'><strong>quod</strong></span> <span class='ocrx_word' id='word_1_116' title='bbox 967 1829 991 1871; x_wconf 93' lang='lat' dir='ltr'><strong>v.</strong></span> <span class='ocrx_word' id='word_1_117' title='bbox 1008 1807 1072 1872; x_wconf 89' lang='grc'><strong>505</strong></span> <span class='ocrx_word' id='word_1_118' title='bbox 1088 1830 1131 1891; x_wconf 89' lang='lat' dir='ltr'><strong>sq.</strong></span> <span class='ocrx_word' id='word_1_119' title='bbox 1156 1811 1292 1872; x_wconf 70' lang='lat' dir='ltr'><strong>‘timuit.</strong></span> <span class='ocrx_word' id='word_1_120' title='bbox 1308 1857 1314 1870; x_wconf 94' lang='lat'><strong>.</strong></span> <span class='ocrx_word' id='word_1_121' title='bbox 1329 1856 1335 1868; x_wconf 93' lang='lat'><em>.</em></span> <span class='ocrx_word' id='word_1_122' title='bbox 1349 1808 1476 1889; x_wconf 90' lang='lat' dir='ltr'><strong>plausu&#39;</strong></span> 
     </span>
     <span class='ocr_line' id='line_1_15' title="bbox 331 1910 1477 1991; baseline -0.002 -18"><span class='ocrx_word' id='word_1_123' title='bbox 331 1912 417 1973; x_wconf 89' lang='lat' dir='ltr'><strong>uncis</strong></span> <span class='ocrx_word' id='word_1_124' title='bbox 439 1911 558 1972; x_wconf 89' lang='lat' dir='ltr'><strong>inclusi:</strong></span> <span class='ocrx_word' id='word_1_125' title='bbox 590 1911 642 1972; x_wconf 91' lang='lat' dir='ltr'><strong>sed</strong></span> <span class='ocrx_word' id='word_1_126' title='bbox 670 1910 813 1991; x_wconf 83' lang='lat' dir='ltr'><strong>languere</strong></span> <span class='ocrx_word' id='word_1_127' title='bbox 836 1915 1006 1974; x_wconf 85' lang='lat' dir='ltr'><strong>etiamnunc</strong></span> <span class='ocrx_word' id='word_1_128' title='bbox 1029 1915 1125 1974; x_wconf 89' lang='lat' dir='ltr'><strong>sentio</strong></span> <span class='ocrx_word' id='word_1_129' title='bbox 1155 1913 1290 1973; x_wconf 79' lang='lat' dir='ltr'><strong>‘omnia&#39;</strong></span> <span class='ocrx_word' id='word_1_130' title='bbox 1319 1910 1392 1972; x_wconf 95' lang='lat' dir='ltr'><strong>illud</strong></span> <span class='ocrx_word' id='word_1_131' title='bbox 1422 1930 1477 1972; x_wconf 91' lang='lat' dir='ltr'><strong>nec</strong></span> 
     </span>
     <span class='ocr_line' id='line_1_16' title="bbox 330 2012 1480 2094; baseline 0 -21"><span class='ocrx_word' id='word_1_132' title='bbox 330 2016 360 2074; x_wconf 95' lang='lat' dir='ltr'><strong>in</strong></span> <span class='ocrx_word' id='word_1_133' title='bbox 383 2013 532 2094; x_wconf 89' lang='lat' dir='ltr'><strong>perpolito</strong></span> <span class='ocrx_word' id='word_1_134' title='bbox 559 2021 698 2093; x_wconf 88' lang='lat' dir='ltr'><strong>poemate</strong></span> <span class='ocrx_word' id='word_1_135' title='bbox 725 2021 754 2076; x_wconf 89' lang='lat' dir='ltr'><strong>et</strong></span> <span class='ocrx_word' id='word_1_136' title='bbox 779 2014 828 2076; x_wconf 92' lang='lat' dir='ltr'><strong>hic</strong></span> <span class='ocrx_word' id='word_1_137' title='bbox 855 2035 881 2076; x_wconf 88' lang='lat' dir='ltr'><strong>v.</strong></span> <span class='ocrx_word' id='word_1_138' title='bbox 908 2012 972 2076; x_wconf 90' lang='grc'><strong>506</strong></span> <span class='ocrx_word' id='word_1_139' title='bbox 999 2017 1151 2093; x_wconf 85' lang='lat' dir='ltr'><strong>ingentem</strong></span> <span class='ocrx_word' id='word_1_140' title='bbox 1180 2013 1336 2076; x_wconf 89' lang='lat' dir='ltr'><strong>columbae</strong></span> <span class='ocrx_word' id='word_1_141' title='bbox 1366 2013 1480 2075; x_wconf 86' lang='lat' dir='ltr'><strong>scilieet</strong></span> 
     </span>
     <span class='ocr_line' id='line_1_17' title="bbox 330 2115 1474 2197; baseline -0.002 -21"><span class='ocrx_word' id='word_1_142' title='bbox 330 2116 467 2197; x_wconf 86' lang='lat' dir='ltr'><strong>plausum</strong></span> <span class='ocrx_word' id='word_1_143' title='bbox 495 2122 525 2175; x_wconf 92' lang='lat' dir='ltr'><strong>et</strong></span> <span class='ocrx_word' id='word_1_144' title='bbox 552 2115 641 2196; x_wconf 92' lang='lat' dir='ltr'><strong>paulo</strong></span> <span class='ocrx_word' id='word_1_145' title='bbox 667 2126 737 2196; x_wconf 91' lang='lat' dir='ltr'><strong>post</strong></span> <span class='ocrx_word' id='word_1_146' title='bbox 764 2135 790 2177; x_wconf 92' lang='lat' dir='ltr'><strong>v.</strong></span> <span class='ocrx_word' id='word_1_147' title='bbox 813 2115 876 2179; x_wconf 89' lang='grc'><strong>516</strong></span> <span class='ocrx_word' id='word_1_148' title='bbox 903 2117 956 2180; x_wconf 91' lang='lat' dir='ltr'><strong>alis</strong></span> <span class='ocrx_word' id='word_1_149' title='bbox 978 2117 1168 2197; x_wconf 87' lang='lat' dir='ltr'><strong>plaudentem</strong></span> <span class='ocrx_word' id='word_1_150' title='bbox 1196 2117 1321 2178; x_wconf 92' lang='lat' dir='ltr'><strong>eandem</strong></span> <span class='ocrx_word' id='word_1_151' title='bbox 1344 2115 1474 2178; x_wconf 79' lang='lat' dir='ltr'><strong>offendo·</strong></span> 
     </span>
     <span class='ocr_line' id='line_1_18' title="bbox 331 2213 1478 2298; baseline -0.001 -19"><span class='ocrx_word' id='word_1_152' title='bbox 331 2237 440 2279; x_wconf 90' lang='lat' dir='ltr'><strong>remus.</strong></span> <span class='ocrx_word' id='word_1_153' title='bbox 491 2221 586 2298; x_wconf 71' lang='lat' dir='ltr'><strong>litque</strong></span> <span class='ocrx_word' id='word_1_154' title='bbox 615 2218 725 2296; x_wconf 87' lang='lat' dir='ltr'><strong>aliquid</strong></span> <span class='ocrx_word' id='word_1_155' title='bbox 752 2220 910 2298; x_wconf 80' lang='lat' dir='ltr'><strong>inperfecti</strong></span> <span class='ocrx_word' id='word_1_156' title='bbox 937 2219 983 2280; x_wconf 91' lang='lat' dir='ltr'><strong>vel</strong></span> <span class='ocrx_word' id='word_1_157' title='bbox 1006 2222 1037 2280; x_wconf 93' lang='lat' dir='ltr'><strong>in</strong></span> <span class='ocrx_word' id='word_1_158' title='bbox 1070 2227 1219 2280; x_wconf 88' lang='lat' dir='ltr'><strong>structura</strong></span> <span class='ocrx_word' id='word_1_159' title='bbox 1252 2236 1393 2280; x_wconf 92' lang='lat' dir='ltr'><strong>versuum</strong></span> <span class='ocrx_word' id='word_1_160' title='bbox 1415 2213 1478 2278; x_wconf 82' lang='lat'><strong>513</strong></span> 
     </span>
     <span class='ocr_line' id='line_1_19' title="bbox 330 2315 1479 2402; baseline -0.002 -20"><span class='ocrx_word' id='word_1_161' title='bbox 330 2317 436 2382; x_wconf 82' lang='grc'>-516</span> <span class='ocrx_word' id='word_1_162' title='bbox 449 2321 656 2382; x_wconf 90' lang='lat' dir='ltr'><strong>animadvertit</strong></span> <span class='ocrx_word' id='word_1_163' title='bbox 666 2319 848 2400; x_wconf 84' lang='lat' dir='ltr'><strong>Wagnerus,</strong></span> <span class='ocrx_word' id='word_1_164' title='bbox 865 2341 953 2402; x_wconf 88' lang='lat' dir='ltr'><strong>quam</strong></span> <span class='ocrx_word' id='word_1_165' title='bbox 968 2341 1074 2402; x_wconf 91' lang='lat' dir='ltr'><strong>parum</strong></span> <span class='ocrx_word' id='word_1_166' title='bbox 1088 2320 1236 2402; x_wconf 88' lang='lat' dir='ltr'><strong>probabili</strong></span> <span class='ocrx_word' id='word_1_167' title='bbox 1251 2322 1366 2380; x_wconf 91' lang='lat' dir='ltr'><strong>ratione</strong></span> <span class='ocrx_word' id='word_1_168' title='bbox 1377 2315 1479 2380; x_wconf 89' lang='lat' dir='ltr'><strong>Peerl-</strong></span> 
     </span>
     <span class='ocr_line' id='line_1_20' title="bbox 332 2419 1477 2504; baseline -0.003 -20"><span class='ocrx_word' id='word_1_169' title='bbox 332 2424 458 2504; x_wconf 82' lang='lat' dir='ltr'><strong>lrampus</strong></span> <span class='ocrx_word' id='word_1_170' title='bbox 485 2425 584 2503; x_wconf 91' lang='lat' dir='ltr'><strong>posito</strong></span> <span class='ocrx_word' id='word_1_171' title='bbox 607 2441 632 2483; x_wconf 92' lang='lat' dir='ltr'><strong>v.</strong></span> <span class='ocrx_word' id='word_1_172' title='bbox 656 2419 719 2485; x_wconf 83' lang='lat'><strong>513</strong></span> <span class='ocrx_word' id='word_1_173' title='bbox 747 2427 811 2486; x_wconf 78' lang='lat' dir='ltr'><strong>‘at&#39;</strong></span> <span class='ocrx_word' id='word_1_174' title='bbox 842 2431 871 2484; x_wconf 89' lang='lat' dir='ltr'><strong>et</strong></span> <span class='ocrx_word' id='word_1_175' title='bbox 892 2420 955 2486; x_wconf 85' lang='grc'><strong>515</strong></span> <span class='ocrx_word' id='word_1_176' title='bbox 983 2427 1082 2484; x_wconf 79' lang='lat' dir='ltr'><strong>‘tum&#39;</strong></span> <span class='ocrx_word' id='word_1_177' title='bbox 1111 2424 1326 2483; x_wconf 90' lang='lat' dir='ltr'><strong>reconcinnare</strong></span> <span class='ocrx_word' id='word_1_178' title='bbox 1355 2421 1477 2483; x_wconf 88' lang='lat' dir='ltr'><strong>studuit.</strong></span> 
     </span>
    </p>

    <p class='ocr_par' dir='ltr' id='par_1_4' title="bbox 332 2521 1484 3731">
     <span class='ocr_line' id='line_1_21' title="bbox 422 2521 1482 2606; baseline -0.004 -19"><span class='ocrx_word' id='word_1_179' title='bbox 422 2526 577 2587; x_wconf 86' lang='lat' dir='ltr'><strong>Deiectum</strong></span> <span class='ocrx_word' id='word_1_180' title='bbox 611 2526 753 2588; x_wconf 86' lang='lat' dir='ltr'><strong>orationis</strong></span> <span class='ocrx_word' id='word_1_181' title='bbox 786 2527 899 2605; x_wconf 85' lang='lat' dir='ltr'><strong>signavi</strong></span> <span class='ocrx_word' id='word_1_182' title='bbox 931 2533 1000 2606; x_wconf 93' lang='lat' dir='ltr'><strong>post</strong></span> <span class='ocrx_word' id='word_1_183' title='bbox 1021 2545 1048 2585; x_wconf 93' lang='lat' dir='ltr'><strong>v.</strong></span> <span class='ocrx_word' id='word_1_184' title='bbox 1072 2521 1148 2585; x_wconf 87' lang='grc' dir='ltr'><strong>29οε</strong></span> <span class='ocrx_word' id='word_1_185' title='bbox 1188 2543 1286 2604; x_wconf 91' lang='lat' dir='ltr'><strong>neque</strong></span> <span class='ocrx_word' id='word_1_186' title='bbox 1320 2526 1398 2585; x_wconf 93' lang='lat' dir='ltr'><strong>enim</strong></span> <span class='ocrx_word' id='word_1_187' title='bbox 1431 2532 1482 2584; x_wconf 85' lang='lat' dir='ltr'><strong>aut</strong></span> 
     </span>
     <span class='ocr_line' id='line_1_22' title="bbox 334 2625 1482 2708; baseline -0.003 -20"><span class='ocrx_word' id='word_1_188' title='bbox 334 2631 534 2689; x_wconf 69' lang='lat' dir='ltr'><strong>‘consessus&#39;</strong></span> <span class='ocrx_word' id='word_1_189' title='bbox 569 2647 625 2708; x_wconf 92' lang='lat' dir='ltr'><strong>pro</strong></span> <span class='ocrx_word' id='word_1_190' title='bbox 654 2628 725 2689; x_wconf 90' lang='lat' dir='ltr'><strong>sede</strong></span> <span class='ocrx_word' id='word_1_191' title='bbox 753 2637 804 2688; x_wconf 85' lang='lat' dir='ltr'><strong>aut</strong></span> <span class='ocrx_word' id='word_1_192' title='bbox 837 2629 1042 2689; x_wconf 71' lang='lat' dir='ltr'><strong>‘extructum&#39;</strong></span> <span class='ocrx_word' id='word_1_193' title='bbox 1074 2646 1131 2707; x_wconf 88' lang='lat' dir='ltr'><strong>pro</strong></span> <span class='ocrx_word' id='word_1_194' title='bbox 1167 2634 1303 2688; x_wconf 84' lang='lat' dir='ltr'><strong>extructo</strong></span> <span class='ocrx_word' id='word_1_195' title='bbox 1331 2633 1397 2687; x_wconf 90' lang='lat' dir='ltr'><strong>toro</strong></span> <span class='ocrx_word' id='word_1_196' title='bbox 1425 2625 1482 2686; x_wconf 90' lang='lat' dir='ltr'><strong>dici</strong></span> 
     </span>
     <span class='ocr_line' id='line_1_23' title="bbox 334 2724 1482 2810; baseline -0.003 -19"><span class='ocrx_word' id='word_1_197' title='bbox 334 2749 423 2810; x_wconf 90' lang='lat' dir='ltr'><strong>posse</strong></span> <span class='ocrx_word' id='word_1_198' title='bbox 445 2738 529 2809; x_wconf 90' lang='lat' dir='ltr'><strong>puto.</strong></span> <span class='ocrx_word' id='word_1_199' title='bbox 581 2731 643 2792; x_wconf 89' lang='lat' dir='ltr'><strong>Nec</strong></span> <span class='ocrx_word' id='word_1_200' title='bbox 672 2738 770 2808; x_wconf 90' lang='lat' dir='ltr'><strong>potest</strong></span> <span class='ocrx_word' id='word_1_201' title='bbox 791 2732 906 2808; x_wconf 85' lang='lat' dir='ltr'><strong>integra</strong></span> <span class='ocrx_word' id='word_1_202' title='bbox 930 2729 1034 2794; x_wconf 89' lang='lat' dir='ltr'><strong>baberi</strong></span> <span class='ocrx_word' id='word_1_203' title='bbox 1056 2731 1202 2791; x_wconf 89' lang='lat' dir='ltr'><strong>sententia</strong></span> <span class='ocrx_word' id='word_1_204' title='bbox 1225 2724 1397 2790; x_wconf 88' lang='grc'>822-824</span> <span class='ocrx_word' id='word_1_205' title='bbox 1417 2746 1482 2788; x_wconf 91' lang='lat' dir='ltr'><strong>ver-</strong></span> 
     </span>
     <span class='ocr_line' id='line_1_24' title="bbox 333 2831 1482 2912; baseline -0.004 -18"><span class='ocrx_word' id='word_1_206' title='bbox 333 2852 439 2894; x_wconf 91' lang='lat' dir='ltr'><strong>suum:</strong></span> <span class='ocrx_word' id='word_1_207' title='bbox 464 2833 550 2894; x_wconf 86' lang='lat' dir='ltr'><strong>deest</strong></span> <span class='ocrx_word' id='word_1_208' title='bbox 572 2841 602 2894; x_wconf 88' lang='lat' dir='ltr'><strong>et</strong></span> <span class='ocrx_word' id='word_1_209' title='bbox 622 2831 746 2894; x_wconf 90' lang='lat' dir='ltr'><strong>verbum</strong></span> <span class='ocrx_word' id='word_1_210' title='bbox 770 2833 849 2910; x_wconf 90' lang='lat' dir='ltr'><strong>quod</strong></span> <span class='ocrx_word' id='word_1_211' title='bbox 873 2851 908 2892; x_wconf 84' lang='lat' dir='ltr'><strong>ex</strong></span> <span class='ocrx_word' id='word_1_212' title='bbox 932 2833 1037 2893; x_wconf 87' lang='lat' dir='ltr'><strong>vicinis</strong></span> <span class='ocrx_word' id='word_1_213' title='bbox 1059 2831 1193 2912; x_wconf 88' lang='lat' dir='ltr'><strong>suppleri</strong></span> <span class='ocrx_word' id='word_1_214' title='bbox 1216 2834 1319 2910; x_wconf 90' lang='lat' dir='ltr'><strong>nequit</strong></span> <span class='ocrx_word' id='word_1_215' title='bbox 1341 2839 1370 2892; x_wconf 96' lang='lat' dir='ltr'><strong>et</strong></span> <span class='ocrx_word' id='word_1_216' title='bbox 1386 2831 1482 2891; x_wconf 84' lang='lat' dir='ltr'><strong>dextri</strong></span> 
     </span>
     <span class='ocr_line' id='line_1_25' title="bbox 332 2933 1481 3020; baseline -0.002 -26"><span class='ocrx_word' id='word_1_217' title='bbox 332 2934 434 2996; x_wconf 91' lang='lat' dir='ltr'><strong>lateris</strong></span> <span class='ocrx_word' id='word_1_218' title='bbox 451 2936 636 3012; x_wconf 85' lang='lat' dir='ltr'><strong>significatio,</strong></span> <span class='ocrx_word' id='word_1_219' title='bbox 660 2937 708 2996; x_wconf 89' lang='lat' dir='ltr'><strong>oui</strong></span> <span class='ocrx_word' id='word_1_220' title='bbox 730 2935 812 2996; x_wconf 90' lang='lat' dir='ltr'><strong>laeva</strong></span> <span class='ocrx_word' id='word_1_221' title='bbox 834 2953 940 2996; x_wconf 90' lang='lat' dir='ltr'><strong>manus</strong></span> <span class='ocrx_word' id='word_1_222' title='bbox 963 2954 979 2995; x_wconf 91' lang='lat' dir='ltr'><strong>a</strong></span> <span class='ocrx_word' id='word_1_223' title='bbox 1002 2933 1142 3020; x_wconf 90' lang='lat' dir='ltr'><strong>muliebri</strong></span> <span class='ocrx_word' id='word_1_224' title='bbox 1165 2934 1256 2996; x_wconf 90' lang='lat' dir='ltr'><strong>choro</strong></span> <span class='ocrx_word' id='word_1_225' title='bbox 1272 2940 1413 3013; x_wconf 89' lang='lat' dir='ltr'><strong>occupata</strong></span> <span class='ocrx_word' id='word_1_226' title='bbox 1429 2952 1481 3012; x_wconf 89' lang='lat' dir='ltr'><strong>op·</strong></span> 
     </span>
     <span class='ocr_line' id='line_1_26' title="bbox 338 3034 1483 3118; baseline -0.003 -21"><span class='ocrx_word' id='word_1_227' title='bbox 338 3039 459 3116; x_wconf 89' lang='lat' dir='ltr'><strong>ponitur</strong></span> <span class='ocrx_word' id='word_1_228' title='bbox 483 3057 508 3098; x_wconf 92' lang='lat' dir='ltr'><strong>v.</strong></span> <span class='ocrx_word' id='word_1_229' title='bbox 533 3034 605 3099; x_wconf 87' lang='grc'>825.</span> <span class='ocrx_word' id='word_1_230' title='bbox 662 3037 724 3098; x_wconf 89' lang='lat' dir='ltr'><strong>Nec</strong></span> <span class='ocrx_word' id='word_1_231' title='bbox 756 3037 861 3098; x_wconf 87' lang='lat' dir='ltr'><strong>iesellit</strong></span> <span class='ocrx_word' id='word_1_232' title='bbox 889 3039 995 3118; x_wconf 92' lang='lat' dir='ltr'><strong>opinor</strong></span> <span class='ocrx_word' id='word_1_233' title='bbox 1023 3036 1249 3117; x_wconf 87' lang='lat' dir='ltr'><strong>Peerlkampum</strong></span> <span class='ocrx_word' id='word_1_234' title='bbox 1279 3040 1399 3104; x_wconf 82' lang='lat' dir='ltr'><strong>sonsu&#39;s,</strong></span> <span class='ocrx_word' id='word_1_235' title='bbox 1432 3037 1483 3112; x_wconf 89' lang='lat' dir='ltr'><strong>qui</strong></span> 
     </span>
     <span class='ocr_line' id='line_1_27' title="bbox 332 3137 1481 3220; baseline -0.003 -21"><span class='ocrx_word' id='word_1_236' title='bbox 332 3158 437 3219; x_wconf 90' lang='lat' dir='ltr'><strong>preces</strong></span> <span class='ocrx_word' id='word_1_237' title='bbox 468 3142 585 3201; x_wconf 79' lang='lat' dir='ltr'><strong>Aeneae</strong></span> <span class='ocrx_word' id='word_1_238' title='bbox 619 3157 645 3199; x_wconf 92' lang='lat' dir='ltr'><strong>v.</strong></span> <span class='ocrx_word' id='word_1_239' title='bbox 670 3137 711 3201; x_wconf 85' lang='lat'><strong>83</strong></span> <span class='ocrx_word' id='word_1_240' title='bbox 745 3139 883 3220; x_wconf 93' lang='lat' dir='ltr'><strong>abrumpi</strong></span> <span class='ocrx_word' id='word_1_241' title='bbox 913 3141 1007 3219; x_wconf 85' lang='lat' dir='ltr'><strong>magis</strong></span> <span class='ocrx_word' id='word_1_242' title='bbox 1041 3157 1128 3218; x_wconf 91' lang='lat' dir='ltr'><strong>quam</strong></span> <span class='ocrx_word' id='word_1_243' title='bbox 1162 3141 1237 3200; x_wconf 88' lang='lat' dir='ltr'><strong>liniri</strong></span> <span class='ocrx_word' id='word_1_244' title='bbox 1271 3139 1395 3198; x_wconf 88' lang='lat' dir='ltr'><strong>miratus</strong></span> <span class='ocrx_word' id='word_1_245' title='bbox 1428 3143 1481 3196; x_wconf 85' lang='lat' dir='ltr'><strong>est.</strong></span> 
     </span>
     <span class='ocr_line' id='line_1_28' title="bbox 336 3238 1484 3321; baseline -0.005 -19"><span class='ocrx_word' id='word_1_246' title='bbox 336 3242 410 3302; x_wconf 90' lang='lat' dir='ltr'><strong>Nam</strong></span> <span class='ocrx_word' id='word_1_247' title='bbox 434 3242 574 3303; x_wconf 86' lang='lat' dir='ltr'><strong>sulficere</strong></span> <span class='ocrx_word' id='word_1_248' title='bbox 596 3241 724 3303; x_wconf 81' lang='lat' dir='ltr'><strong>sortasse</strong></span> <span class='ocrx_word' id='word_1_249' title='bbox 746 3249 885 3321; x_wconf 89' lang='lat' dir='ltr'><strong>poterant</strong></span> <span class='ocrx_word' id='word_1_250' title='bbox 907 3243 965 3304; x_wconf 92' lang='lat' dir='ltr'><strong>duo</strong></span> <span class='ocrx_word' id='word_1_251' title='bbox 987 3260 1092 3303; x_wconf 91' lang='lat' dir='ltr'><strong>versus</strong></span> <span class='ocrx_word' id='word_1_252' title='bbox 1115 3238 1156 3302; x_wconf 86' lang='lat'><strong>80</strong></span> <span class='ocrx_word' id='word_1_253' title='bbox 1177 3260 1221 3320; x_wconf 93' lang='lat' dir='ltr'><strong>sq.</strong></span> <span class='ocrx_word' id='word_1_254' title='bbox 1271 3239 1329 3300; x_wconf 87' lang='lat' dir='ltr'><strong>Sed</strong></span> <span class='ocrx_word' id='word_1_255' title='bbox 1358 3238 1404 3299; x_wconf 90' lang='lat' dir='ltr'><strong>bis</strong></span> <span class='ocrx_word' id='word_1_256' title='bbox 1432 3239 1484 3315; x_wconf 91' lang='lat' dir='ltr'><strong>qui</strong></span> 
     </span>
     <span class='ocr_line' id='line_1_29' title="bbox 336 3342 1483 3422; baseline -0.003 -18"><span class='ocrx_word' id='word_1_257' title='bbox 336 3343 449 3404; x_wconf 87' lang='lat' dir='ltr'><strong>addidit</strong></span> <span class='ocrx_word' id='word_1_258' title='bbox 471 3347 549 3404; x_wconf 70' lang='lat' dir='ltr'><strong>‘non</strong></span> <span class='ocrx_word' id='word_1_259' title='bbox 572 3343 656 3404; x_wconf 88' lang='lat' dir='ltr'><strong>licuit</strong></span> <span class='ocrx_word' id='word_1_260' title='bbox 677 3345 744 3405; x_wconf 87' lang='lat' dir='ltr'><strong>linis</strong></span> <span class='ocrx_word' id='word_1_261' title='bbox 767 3342 857 3405; x_wconf 91' lang='lat' dir='ltr'><strong>ltalos</strong></span> <span class='ocrx_word' id='word_1_262' title='bbox 881 3391 887 3404; x_wconf 95' lang='lat'>.</span> <span class='ocrx_word' id='word_1_263' title='bbox 913 3391 919 3404; x_wconf 92' lang='lat'><strong>.</strong></span> <span class='ocrx_word' id='word_1_264' title='bbox 944 3363 1000 3405; x_wconf 88' lang='lat' dir='ltr'><strong>nec</strong></span> <span class='ocrx_word' id='word_1_265' title='bbox 1022 3351 1119 3404; x_wconf 89' lang='lat' dir='ltr'><strong>tecum</strong></span> <span class='ocrx_word' id='word_1_266' title='bbox 1142 3344 1306 3404; x_wconf 82' lang='lat' dir='ltr'><strong>Ausonium</strong></span> <span class='ocrx_word' id='word_1_267' title='bbox 1330 3388 1337 3402; x_wconf 91' lang='lat'><strong>.</strong></span> <span class='ocrx_word' id='word_1_268' title='bbox 1362 3388 1369 3401; x_wconf 92' lang='lat'><strong>.</strong></span> <span class='ocrx_word' id='word_1_269' title='bbox 1394 3359 1483 3422; x_wconf 82' lang='lat' dir='ltr'><strong>quae-</strong></span> 
     </span>
     <span class='ocr_line' id='line_1_30' title="bbox 337 3443 1480 3532; baseline -0.004 -25"><span class='ocrx_word' id='word_1_270' title='bbox 337 3465 406 3507; x_wconf 91' lang='lat' dir='ltr'><strong>rere</strong></span> <span class='ocrx_word' id='word_1_271' title='bbox 437 3445 614 3525; x_wconf 84' lang='lat' dir='ltr'><strong>Thybrim&#39;,</strong></span> <span class='ocrx_word' id='word_1_272' title='bbox 650 3464 716 3506; x_wconf 89' lang='lat' dir='ltr'><strong>eum</strong></span> <span class='ocrx_word' id='word_1_273' title='bbox 752 3456 834 3507; x_wconf 91' lang='lat' dir='ltr'><strong>certe</strong></span> <span class='ocrx_word' id='word_1_274' title='bbox 871 3455 1043 3532; x_wconf 83' lang='lat' dir='ltr'><strong>expectares</strong></span> <span class='ocrx_word' id='word_1_275' title='bbox 1076 3447 1194 3524; x_wconf 88' lang='lat' dir='ltr'><strong>precari</strong></span> <span class='ocrx_word' id='word_1_276' title='bbox 1222 3452 1254 3504; x_wconf 90' lang='lat' dir='ltr'><strong>ut</strong></span> <span class='ocrx_word' id='word_1_277' title='bbox 1288 3463 1341 3505; x_wconf 92' lang='lat' dir='ltr'><strong>suo</strong></span> <span class='ocrx_word' id='word_1_278' title='bbox 1376 3443 1480 3503; x_wconf 89' lang='lat' dir='ltr'><strong>saltem</strong></span> 
     </span>
     <span class='ocr_line' id='line_1_31' title="bbox 334 3545 1483 3628; baseline -0.003 -20"><span class='ocrx_word' id='word_1_279' title='bbox 334 3549 461 3626; x_wconf 79' lang='lat' dir='ltr'><strong>augurio</strong></span> <span class='ocrx_word' id='word_1_280' title='bbox 483 3565 629 3627; x_wconf 89' lang='lat' dir='ltr'><strong>praesens</strong></span> <span class='ocrx_word' id='word_1_281' title='bbox 651 3550 770 3626; x_wconf 86' lang='lat' dir='ltr'><strong>genitor</strong></span> <span class='ocrx_word' id='word_1_282' title='bbox 792 3566 862 3608; x_wconf 90' lang='lat' dir='ltr'><strong>suos</strong></span> <span class='ocrx_word' id='word_1_283' title='bbox 884 3554 1127 3628; x_wconf 87' lang='lat' dir='ltr'><strong>prosequeretur.</strong></span> <span class='ocrx_word' id='word_1_284' title='bbox 1160 3547 1222 3608; x_wconf 89' lang='lat' dir='ltr'><strong>Nec</strong></span> <span class='ocrx_word' id='word_1_285' title='bbox 1238 3553 1302 3607; x_wconf 91' lang='lat' dir='ltr'><strong>erat</strong></span> <span class='ocrx_word' id='word_1_286' title='bbox 1317 3565 1371 3607; x_wconf 92' lang='lat' dir='ltr'><strong>cur</strong></span> <span class='ocrx_word' id='word_1_287' title='bbox 1386 3545 1483 3606; x_wconf 90' lang='lat' dir='ltr'><strong>subito</strong></span> 
     </span>
     <span class='ocr_line' id='line_1_32' title="bbox 335 3649 1037 3731; baseline 0.001 -21"><span class='ocrx_word' id='word_1_288' title='bbox 335 3651 440 3727; x_wconf 84' lang='lat' dir='ltr'><strong>anguis</strong></span> <span class='ocrx_word' id='word_1_289' title='bbox 463 3651 526 3710; x_wconf 92' lang='lat' dir='ltr'><strong>visu</strong></span> <span class='ocrx_word' id='word_1_290' title='bbox 549 3649 618 3710; x_wconf 90' lang='lat' dir='ltr'><strong>talis</strong></span> <span class='ocrx_word' id='word_1_291' title='bbox 641 3651 735 3710; x_wconf 90' lang='lat' dir='ltr'><strong>oratio</strong></span> <span class='ocrx_word' id='word_1_292' title='bbox 758 3652 1037 3731; x_wconf 91' lang='lat' dir='ltr'><strong>interrumperetur.</strong></span> 
     </span>
    </p>

    <p class='ocr_par' dir='ltr' id='par_1_5' title="bbox 338 3749 1486 4037">
     <span class='ocr_line' id='line_1_33' title="bbox 421 3749 1486 3834; baseline -0.002 -22"><span class='ocrx_word' id='word_1_293' title='bbox 421 3751 546 3812; x_wconf 89' lang='lat' dir='ltr'><strong>Veteres</strong></span> <span class='ocrx_word' id='word_1_294' title='bbox 576 3753 634 3814; x_wconf 93' lang='lat' dir='ltr'><strong>iam</strong></span> <span class='ocrx_word' id='word_1_295' title='bbox 671 3752 918 3814; x_wconf 88' lang='lat' dir='ltr'><strong>desideraverunt</strong></span> <span class='ocrx_word' id='word_1_296' title='bbox 950 3761 1018 3834; x_wconf 89' lang='lat' dir='ltr'><strong>post</strong></span> <span class='ocrx_word' id='word_1_297' title='bbox 1039 3771 1063 3811; x_wconf 93' lang='lat' dir='ltr'><strong>v.</strong></span> <span class='ocrx_word' id='word_1_298' title='bbox 1086 3749 1150 3814; x_wconf 83' lang='grc'><strong>560</strong></span> <span class='ocrx_word' id='word_1_299' title='bbox 1178 3753 1246 3833; x_wconf 89' lang='lat' dir='ltr'><strong>equi</strong></span> <span class='ocrx_word' id='word_1_300' title='bbox 1272 3753 1303 3812; x_wconf 95' lang='lat' dir='ltr'><strong>in</strong></span> <span class='ocrx_word' id='word_1_301' title='bbox 1335 3767 1394 3828; x_wconf 93' lang='lat' dir='ltr'><strong>quo</strong></span> <span class='ocrx_word' id='word_1_302' title='bbox 1416 3751 1486 3828; x_wconf 78' lang='lat' dir='ltr'><strong>Atys</strong></span> 
     </span>
     <span class='ocr_line' id='line_1_34' title="bbox 338 3852 1485 3935; baseline -0.003 -19"><span class='ocrx_word' id='word_1_303' title='bbox 338 3871 414 3935; x_wconf 90' lang='lat' dir='ltr'><strong>puer</strong></span> <span class='ocrx_word' id='word_1_304' title='bbox 435 3856 570 3916; x_wconf 89' lang='lat' dir='ltr'><strong>invectus</strong></span> <span class='ocrx_word' id='word_1_305' title='bbox 593 3861 671 3915; x_wconf 90' lang='lat' dir='ltr'><strong>esset</strong></span> <span class='ocrx_word' id='word_1_306' title='bbox 692 3854 939 3935; x_wconf 87' lang='lat' dir='ltr'><strong>descriptionem:</strong></span> <span class='ocrx_word' id='word_1_307' title='bbox 964 3862 1053 3934; x_wconf 88' lang='lat' dir='ltr'><strong>atque</strong></span> <span class='ocrx_word' id='word_1_308' title='bbox 1068 3854 1200 3915; x_wconf 88' lang='lat' dir='ltr'><strong>haesisse</strong></span> <span class='ocrx_word' id='word_1_309' title='bbox 1215 3854 1272 3916; x_wconf 88' lang='lat' dir='ltr'><strong>boc</strong></span> <span class='ocrx_word' id='word_1_310' title='bbox 1287 3852 1353 3913; x_wconf 92' lang='lat' dir='ltr'><strong>loco</strong></span> <span class='ocrx_word' id='word_1_311' title='bbox 1367 3861 1485 3932; x_wconf 88' lang='lat' dir='ltr'><strong>poetam</strong></span> 
     </span>
     <span class='ocr_line' id='line_1_35' title="bbox 341 3953 1486 4037; baseline -0.001 -22"><span class='ocrx_word' id='word_1_312' title='bbox 341 3956 388 4018; x_wconf 95' lang='lat' dir='ltr'><strong>vel</strong></span> <span class='ocrx_word' id='word_1_313' title='bbox 412 3975 437 4017; x_wconf 93' lang='lat' dir='ltr'><strong>v.</strong></span> <span class='ocrx_word' id='word_1_314' title='bbox 462 3953 528 4018; x_wconf 80' lang='lat'><strong>572</strong></span> <span class='ocrx_word' id='word_1_315' title='bbox 551 3957 647 4024; x_wconf 84' lang='lat' dir='ltr'><strong>docet,</strong></span> <span class='ocrx_word' id='word_1_316' title='bbox 672 3975 759 4035; x_wconf 89' lang='lat' dir='ltr'><strong>quem</strong></span> <span class='ocrx_word' id='word_1_317' title='bbox 784 3957 913 4018; x_wconf 90' lang='lat' dir='ltr'><strong>tibicinis</strong></span> <span class='ocrx_word' id='word_1_318' title='bbox 935 3956 1001 4018; x_wconf 88' lang='lat' dir='ltr'><strong>loeo</strong></span> <span class='ocrx_word' id='word_1_319' title='bbox 1023 3959 1153 4037; x_wconf 90' lang='lat' dir='ltr'><strong>positum</strong></span> <span class='ocrx_word' id='word_1_320' title='bbox 1177 3975 1242 4017; x_wconf 88' lang='lat' dir='ltr'><strong>osse</strong></span> <span class='ocrx_word' id='word_1_321' title='bbox 1264 3973 1352 4034; x_wconf 90' lang='lat' dir='ltr'><strong>supra</strong></span> <span class='ocrx_word' id='word_1_322' title='bbox 1375 3956 1486 4016; x_wconf 90' lang='lat' dir='ltr'><strong>monui.</strong></span> 
     </span>
    </p>

    <p class='ocr_par' dir='ltr' id='par_1_6' title="bbox 333 4054 1488 4550">
     <span class='ocr_line' id='line_1_36' title="bbox 428 4054 1486 4140; baseline -0.004 -20"><span class='ocrx_word' id='word_1_323' title='bbox 428 4059 560 4139; x_wconf 85' lang='lat' dir='ltr'><strong>Denique</strong></span> <span class='ocrx_word' id='word_1_324' title='bbox 583 4059 721 4140; x_wconf 88' lang='lat' dir='ltr'><strong>displicet</strong></span> <span class='ocrx_word' id='word_1_325' title='bbox 743 4059 815 4120; x_wconf 94' lang='lat' dir='ltr'><strong>mibi</strong></span> <span class='ocrx_word' id='word_1_326' title='bbox 844 4077 964 4138; x_wconf 89' lang='lat' dir='ltr'><strong>quoque</strong></span> <span class='ocrx_word' id='word_1_327' title='bbox 994 4062 1140 4140; x_wconf 78' lang='lat' dir='ltr'><strong>‘praepes</strong></span> <span class='ocrx_word' id='word_1_328' title='bbox 1167 4059 1203 4119; x_wconf 93' lang='lat' dir='ltr'><strong>ab</strong></span> <span class='ocrx_word' id='word_1_329' title='bbox 1227 4059 1303 4119; x_wconf 86' lang='lat' dir='ltr'><strong>Ida&#39;</strong></span> <span class='ocrx_word' id='word_1_330' title='bbox 1328 4054 1409 4138; x_wconf 86' lang='grc'>(254)</span> <span class='ocrx_word' id='word_1_331' title='bbox 1439 4075 1486 4116; x_wconf 89' lang='lat' dir='ltr'><strong>ra·</strong></span> 
     </span>
     <span class='ocr_line' id='line_1_37' title="bbox 333 4155 1488 4243; baseline -0.003 -20"><span class='ocrx_word' id='word_1_332' title='bbox 333 4155 420 4243; x_wconf 90' lang='lat' dir='ltr'><strong>piens</strong></span> <span class='ocrx_word' id='word_1_333' title='bbox 443 4161 541 4242; x_wconf 89' lang='lat' dir='ltr'><strong>aquila</strong></span> <span class='ocrx_word' id='word_1_334' title='bbox 557 4161 751 4241; x_wconf 77' lang='lat' dir='ltr'><strong>Ganymeden</strong></span> <span class='ocrx_word' id='word_1_335' title='bbox 774 4163 933 4224; x_wconf 73' lang='lat' dir='ltr'><strong>‘frondosa</strong></span> <span class='ocrx_word' id='word_1_336' title='bbox 949 4162 1015 4222; x_wconf 85' lang='lat' dir='ltr'><strong>lda’</strong></span> <span class='ocrx_word' id='word_1_337' title='bbox 1041 4158 1122 4242; x_wconf 86' lang='grc'>(252)</span> <span class='ocrx_word' id='word_1_338' title='bbox 1146 4169 1311 4221; x_wconf 88' lang='lat' dir='ltr'><strong>venantem.</strong></span> <span class='ocrx_word' id='word_1_339' title='bbox 1342 4159 1415 4222; x_wconf 90' lang='lat' dir='ltr'><strong>Nam</strong></span> <span class='ocrx_word' id='word_1_340' title='bbox 1432 4177 1488 4220; x_wconf 91' lang='lat' dir='ltr'><strong>nee</strong></span> 
     </span>
     <span class='ocr_line' id='line_1_38' title="bbox 334 4262 1487 4346; baseline -0.003 -20"><span class='ocrx_word' id='word_1_341' title='bbox 334 4268 364 4326; x_wconf 94' lang='lat' dir='ltr'><strong>in</strong></span> <span class='ocrx_word' id='word_1_342' title='bbox 388 4265 516 4346; x_wconf 90' lang='lat' dir='ltr'><strong>repetito</strong></span> <span class='ocrx_word' id='word_1_343' title='bbox 539 4265 660 4326; x_wconf 91' lang='lat' dir='ltr'><strong>nomine</strong></span> <span class='ocrx_word' id='word_1_344' title='bbox 688 4266 732 4325; x_wconf 92' lang='lat' dir='ltr'><strong>vis</strong></span> <span class='ocrx_word' id='word_1_345' title='bbox 761 4263 821 4326; x_wconf 93' lang='lat' dir='ltr'><strong>ulla</strong></span> <span class='ocrx_word' id='word_1_346' title='bbox 847 4283 903 4325; x_wconf 89' lang='lat' dir='ltr'><strong>nec</strong></span> <span class='ocrx_word' id='word_1_347' title='bbox 926 4264 1098 4326; x_wconf 87' lang='lat' dir='ltr'><strong>ullomodo</strong></span> <span class='ocrx_word' id='word_1_348' title='bbox 1120 4265 1271 4343; x_wconf 86' lang='lat' dir='ltr'><strong>provisum</strong></span> <span class='ocrx_word' id='word_1_349' title='bbox 1301 4271 1334 4323; x_wconf 87' lang='lat' dir='ltr'><strong>ut</strong></span> <span class='ocrx_word' id='word_1_350' title='bbox 1363 4262 1487 4323; x_wconf 91' lang='lat' dir='ltr'><strong>eandem</strong></span> 
     </span>
     <span class='ocr_line' id='line_1_39' title="bbox 333 4364 1487 4445; baseline -0.006 -15"><span class='ocrx_word' id='word_1_351' title='bbox 333 4368 417 4430; x_wconf 89' lang='lat' dir='ltr'><strong>ldam</strong></span> <span class='ocrx_word' id='word_1_352' title='bbox 439 4367 488 4427; x_wconf 81' lang='lat' dir='ltr'><strong>lvio</strong></span> <span class='ocrx_word' id='word_1_353' title='bbox 510 4365 651 4436; x_wconf 90' lang='lat' dir='ltr'><strong>culmina,</strong></span> <span class='ocrx_word' id='word_1_354' title='bbox 674 4366 735 4427; x_wconf 93' lang='lat' dir='ltr'><strong>illic</strong></span> <span class='ocrx_word' id='word_1_355' title='bbox 757 4366 903 4428; x_wconf 84' lang='lat' dir='ltr'><strong>convallia</strong></span> <span class='ocrx_word' id='word_1_356' title='bbox 930 4369 1040 4428; x_wconf 91' lang='lat' dir='ltr'><strong>montis</strong></span> <span class='ocrx_word' id='word_1_357' title='bbox 1055 4365 1305 4445; x_wconf 74' lang='lat' dir='ltr'><strong>intellegeremus·</strong></span> <span class='ocrx_word' id='word_1_358' title='bbox 1341 4364 1398 4424; x_wconf 89' lang='lat' dir='ltr'><strong>Sed</strong></span> <span class='ocrx_word' id='word_1_359' title='bbox 1422 4383 1487 4424; x_wconf 91' lang='lat' dir='ltr'><strong>rec·</strong></span> 
     </span>
     <span class='ocr_line' id='line_1_40' title="bbox 333 4468 1486 4550; baseline -0.004 -19"><span class='ocrx_word' id='word_1_360' title='bbox 333 4472 393 4532; x_wconf 87' lang='lat' dir='ltr'><strong>tius</strong></span> <span class='ocrx_word' id='word_1_361' title='bbox 416 4471 541 4530; x_wconf 80' lang='lat' dir='ltr'><strong>sortasse</strong></span> <span class='ocrx_word' id='word_1_362' title='bbox 563 4471 615 4550; x_wconf 87' lang='lat' dir='ltr'><strong>qui</strong></span> <span class='ocrx_word' id='word_1_363' title='bbox 636 4468 789 4530; x_wconf 88' lang='lat' dir='ltr'><strong>librarium</strong></span> <span class='ocrx_word' id='word_1_364' title='bbox 812 4470 869 4541; x_wconf 91' lang='lat' dir='ltr'><strong>bic,</strong></span> <span class='ocrx_word' id='word_1_365' title='bbox 894 4489 952 4530; x_wconf 90' lang='lat' dir='ltr'><strong>non</strong></span> <span class='ocrx_word' id='word_1_366' title='bbox 975 4477 1092 4550; x_wconf 91' lang='lat' dir='ltr'><strong>poetam</strong></span> <span class='ocrx_word' id='word_1_367' title='bbox 1122 4471 1294 4548; x_wconf 87' lang='lat' dir='ltr'><strong>peccavisse</strong></span> <span class='ocrx_word' id='word_1_368' title='bbox 1309 4473 1486 4530; x_wconf 88' lang='lat' dir='ltr'><strong>statuerunt.</strong></span> 
     </span>
    </p>
   </div>
   <div class='ocr_carea' id='block_1_3' title="bbox 0 0 1647 5050">
    <p class='ocr_par' dir='ltr' id='par_1_7' title="bbox 0 0 1647 5050">
     <span class='ocr_line' id='line_1_41' title="bbox 0 0 1647 5050; baseline 0 0"><span class='ocrx_word' id='word_1_369' title='bbox 0 0 1647 5050; x_wconf 95' lang='lat' dir='ltr'><strong> </strong></span> 
     </span>
    </p>
   </div>
  </div>
 </body>
</html>
