<?xml version="1.0" encoding="UTF-8"?>
<!DOCTYPE html PUBLIC "-//W3C//DTD XHTML 1.0 Transitional//EN"
    "http://www.w3.org/TR/xhtml1/DTD/xhtml1-transitional.dtd">
<html xmlns="http://www.w3.org/1999/xhtml" xml:lang="en" lang="en">
 <head>
  <title>
</title>
<meta http-equiv="Content-Type" content="text/html;charset=utf-8" />
  <meta name='ocr-system' content='tesseract 3.04.00' />
  <meta name='ocr-capabilities' content='ocr_page ocr_carea ocr_par ocr_line ocrx_word'/>
</head>
<body>
  <div class='ocr_page' id='page_1' title='image "./pvergilimaronis02ribbgoog/pvergilimaronis02ribbgoog_0221.png"; bbox 0 0 3230 5046; ppageno 0'>
   <div class='ocr_carea' id='block_1_1' title="bbox 322 399 1011 463">
    <p class='ocr_par' dir='ltr' id='par_1_1' title="bbox 322 399 1011 463">
     <span class='ocr_line' id='line_1_1' title="bbox 322 399 1011 463; baseline 0 -2"><span class='ocrx_word' id='word_1_1' title='bbox 322 399 384 463; x_wconf 89' lang='lat'>180</span> <span class='ocrx_word' id='word_1_2' title='bbox 765 419 1011 463; x_wconf 74' lang='lat' dir='ltr'>anonucouuun.</span> 
     </span>
    </p>
   </div>
   <div class='ocr_carea' id='block_1_2' title="bbox 257 585 1519 3806">
    <p class='ocr_par' dir='ltr' id='par_1_2' title="bbox 320 585 1466 766">
     <span class='ocr_line' id='line_1_2' title="bbox 321 585 1466 666; baseline 0 -18"><span class='ocrx_word' id='word_1_3' title='bbox 321 589 402 662; x_wconf 81' lang='lat' dir='ltr'><em>MP),</em></span> <span class='ocrx_word' id='word_1_4' title='bbox 426 587 506 666; x_wconf 83' lang='lat' dir='ltr'>quod</span> <span class='ocrx_word' id='word_1_5' title='bbox 529 586 564 646; x_wconf 90' lang='lat' dir='ltr'>ad</span> <span class='ocrx_word' id='word_1_6' title='bbox 587 587 656 648; x_wconf 85' lang='lat' dir='ltr'>Ter.</span> <span class='ocrx_word' id='word_1_7' title='bbox 681 587 745 646; x_wconf 90' lang='lat' dir='ltr'>bec.</span> <span class='ocrx_word' id='word_1_8' title='bbox 770 587 810 646; x_wconf 97' lang='lat' dir='ltr'>lll</span> <span class='ocrx_word' id='word_1_9' title='bbox 835 587 861 655; x_wconf 91' lang='lat'>1,</span> <span class='ocrx_word' id='word_1_10' title='bbox 886 585 905 648; x_wconf 90' lang='grc'><strong>6</strong></span> <span class='ocrx_word' id='word_1_11' title='bbox 929 586 1101 648; x_wconf 73' lang='lat' dir='ltr'>‘absoluta&#39;</span> <span class='ocrx_word' id='word_1_12' title='bbox 1124 589 1165 646; x_wconf 86' lang='lat' dir='ltr'>ait</span> <span class='ocrx_word' id='word_1_13' title='bbox 1186 586 1374 647; x_wconf 74' lang='lat' dir='ltr'>‘locutione’</span> <span class='ocrx_word' id='word_1_14' title='bbox 1398 607 1466 648; x_wconf 89' lang='lat' dir='ltr'>rum</span> 
     </span>
     <span class='ocr_line' id='line_1_3' title="bbox 320 687 1207 766; baseline -0.001 -18"><span class='ocrx_word' id='word_1_15' title='bbox 320 709 355 748; x_wconf 88' lang='lat' dir='ltr'>eo</span> <span class='ocrx_word' id='word_1_16' title='bbox 379 688 458 764; x_wconf 89' lang='lat' dir='ltr'>quod</span> <span class='ocrx_word' id='word_1_17' title='bbox 482 688 634 766; x_wconf 86' lang='lat' dir='ltr'>praeeedit</span> <span class='ocrx_word' id='word_1_18' title='bbox 657 689 804 748; x_wconf 72' lang='lat' dir='ltr'>‘crastina</span> <span class='ocrx_word' id='word_1_19' title='bbox 827 687 895 746; x_wconf 85' lang='lat' dir='ltr'>lnx’</span> <span class='ocrx_word' id='word_1_20' title='bbox 919 690 1109 749; x_wconf 91' lang='lat' dir='ltr'>coniunctum</span> <span class='ocrx_word' id='word_1_21' title='bbox 1133 706 1207 749; x_wconf 92' lang='lat' dir='ltr'>esse.</span> 
     </span>
    </p>

    <p class='ocr_par' dir='ltr' id='par_1_3' title="bbox 317 770 1466 1680">
     <span class='ocr_line' id='line_1_4' title="bbox 404 770 1466 873; baseline 0.001 -24"><span class='ocrx_word' id='word_1_22' title='bbox 404 788 463 849; x_wconf 85' lang='lat' dir='ltr'>Sed</span> <span class='ocrx_word' id='word_1_23' title='bbox 491 788 764 869; x_wconf 83' lang='lat' dir='ltr'>dolendumquod</span> <span class='ocrx_word' id='word_1_24' title='bbox 798 791 862 852; x_wconf 87' lang='lat' dir='ltr'>cius</span> <span class='ocrx_word' id='word_1_25' title='bbox 896 789 932 849; x_wconf 93' lang='lat' dir='ltr'>ad</span> <span class='ocrx_word' id='word_1_26' title='bbox 955 790 1123 873; x_wconf 65' lang='lat' dir='ltr'>Tenlrec.</span> <span class='ocrx_word' id='word_1_27' title='bbox 1146 770 1281 859; x_wconf 79' lang='grc'>11143</span> <span class='ocrx_word' id='word_1_28' title='bbox 1315 791 1466 850; x_wconf 71' lang='lat' dir='ltr'><strong>adnotatio</strong></span> 
     </span>
     <span class='ocr_line' id='line_1_5' title="bbox 318 891 1466 971; baseline -0.002 -19"><span class='ocrx_word' id='word_1_29' title='bbox 318 893 408 952; x_wconf 93' lang='lat' dir='ltr'>nimis</span> <span class='ocrx_word' id='word_1_30' title='bbox 430 898 581 951; x_wconf 85' lang='lat' dir='ltr'>contracta</span> <span class='ocrx_word' id='word_1_31' title='bbox 605 909 685 951; x_wconf 93' lang='lat' dir='ltr'>nunc</span> <span class='ocrx_word' id='word_1_32' title='bbox 710 899 800 960; x_wconf 86' lang='lat' dir='ltr'>extat,</span> <span class='ocrx_word' id='word_1_33' title='bbox 825 909 900 966; x_wconf 88' lang='lat' dir='ltr'>quae</span> <span class='ocrx_word' id='word_1_34' title='bbox 923 893 948 951; x_wconf 94' lang='lat' dir='ltr'>si</span> <span class='ocrx_word' id='word_1_35' title='bbox 970 893 1085 969; x_wconf 88' lang='lat' dir='ltr'>integra</span> <span class='ocrx_word' id='word_1_36' title='bbox 1101 898 1187 961; x_wconf 90' lang='lat' dir='ltr'>esset,</span> <span class='ocrx_word' id='word_1_37' title='bbox 1212 893 1259 950; x_wconf 85' lang='lat' dir='ltr'>vix</span> <span class='ocrx_word' id='word_1_38' title='bbox 1275 891 1377 952; x_wconf 92' lang='lat' dir='ltr'>dubito</span> <span class='ocrx_word' id='word_1_39' title='bbox 1393 893 1466 971; x_wconf 90' lang='lat' dir='ltr'>quin</span> 
     </span>
     <span class='ocr_line' id='line_1_6' title="bbox 318 989 1465 1072; baseline -0.001 -19"><span class='ocrx_word' id='word_1_40' title='bbox 318 994 397 1072; x_wconf 90' lang='lat' dir='ltr'>quod</span> <span class='ocrx_word' id='word_1_41' title='bbox 421 1012 467 1071; x_wconf 91' lang='lat' dir='ltr'>ge.</span> <span class='ocrx_word' id='word_1_42' title='bbox 491 993 545 1052; x_wconf 96' lang='lat' dir='ltr'>llll</span> <span class='ocrx_word' id='word_1_43' title='bbox 567 989 631 1051; x_wconf 99' lang='grc'>412</span> <span class='ocrx_word' id='word_1_44' title='bbox 653 995 833 1070; x_wconf 87' lang='lat' dir='ltr'>optimorum</span> <span class='ocrx_word' id='word_1_45' title='bbox 858 991 994 1052; x_wconf 82' lang='lat' dir='ltr'>codicum</span> <span class='ocrx_word' id='word_1_46' title='bbox 1016 993 1125 1063; x_wconf 86' lang='lat' dir='ltr'>indicia</span> <span class='ocrx_word' id='word_1_47' title='bbox 1155 1000 1276 1053; x_wconf 89' lang='lat' dir='ltr'>secutus</span> <span class='ocrx_word' id='word_1_48' title='bbox 1299 992 1378 1052; x_wconf 92' lang='lat' dir='ltr'>edidi</span> <span class='ocrx_word' id='word_1_49' title='bbox 1404 1001 1465 1052; x_wconf 85' lang='lat' dir='ltr'>tam</span> 
     </span>
     <span class='ocr_line' id='line_1_7' title="bbox 318 1093 1464 1171; baseline -0.001 -16"><span class='ocrx_word' id='word_1_50' title='bbox 318 1103 350 1155; x_wconf 85' lang='lat' dir='ltr'>tn</span> <span class='ocrx_word' id='word_1_51' title='bbox 374 1101 452 1155; x_wconf 90' lang='lat' dir='ltr'>esset</span> <span class='ocrx_word' id='word_1_52' title='bbox 477 1095 695 1155; x_wconf 87' lang='lat' dir='ltr'>confirmatura.</span> <span class='ocrx_word' id='word_1_53' title='bbox 728 1093 801 1154; x_wconf 89' lang='lat' dir='ltr'>Nam</span> <span class='ocrx_word' id='word_1_54' title='bbox 818 1111 885 1154; x_wconf 87' lang='lat' dir='ltr'>curn</span> <span class='ocrx_word' id='word_1_55' title='bbox 901 1093 1114 1154; x_wconf 81' lang='lat' dir='ltr'>Terentianum</span> <span class='ocrx_word' id='word_1_56' title='bbox 1137 1093 1194 1154; x_wconf 91' lang='lat' dir='ltr'>hoc</span> <span class='ocrx_word' id='word_1_57' title='bbox 1217 1097 1347 1155; x_wconf 83' lang='lat' dir='ltr'>‘tantum</span> <span class='ocrx_word' id='word_1_58' title='bbox 1363 1099 1464 1171; x_wconf 88' lang='lat' dir='ltr'>quam&#39;</span> 
     </span>
     <span class='ocr_line' id='line_1_8' title="bbox 318 1173 1461 1275; baseline 0 -21"><span class='ocrx_word' id='word_1_59' title='bbox 318 1185 558 1255; x_wconf 75' lang='grc' dir='ltr'><em>ἀνακόλουθον</em></span> <span class='ocrx_word' id='word_1_60' title='bbox 581 1195 659 1254; x_wconf 82' lang='grc'>31331</span> <span class='ocrx_word' id='word_1_61' title='bbox 680 1195 852 1272; x_wconf 83' lang='lat' dir='ltr'>flagitetque</span> <span class='ocrx_word' id='word_1_62' title='bbox 874 1195 1034 1274; x_wconf 78' lang='lat' dir='ltr'>‘quantum</span> <span class='ocrx_word' id='word_1_63' title='bbox 1043 1199 1063 1264; x_wconf 91' lang='lat'>’,</span> <span class='ocrx_word' id='word_1_64' title='bbox 1088 1195 1255 1273; x_wconf 89' lang='lat' dir='ltr'>Vergiliano</span> <span class='ocrx_word' id='word_1_65' title='bbox 1274 1173 1356 1275; x_wconf 36' lang='lat' dir='ltr'>&#39;quod</span> <span class='ocrx_word' id='word_1_66' title='bbox 1380 1195 1461 1255; x_wconf 92' lang='lat' dir='ltr'>addit</span> 
     </span>
     <span class='ocr_line' id='line_1_9' title="bbox 318 1294 1464 1377; baseline 0 -21"><span class='ocrx_word' id='word_1_67' title='bbox 318 1295 454 1376; x_wconf 82' lang='lat' dir='ltr'>exemplo</span> <span class='ocrx_word' id='word_1_68' title='bbox 476 1315 537 1356; x_wconf 92' lang='lat' dir='ltr'>non</span> <span class='ocrx_word' id='word_1_69' title='bbox 561 1296 640 1355; x_wconf 92' lang='lat' dir='ltr'>hunc</span> <span class='ocrx_word' id='word_1_70' title='bbox 662 1295 741 1374; x_wconf 86' lang='lat' dir='ltr'>vulgi</span> <span class='ocrx_word' id='word_1_71' title='bbox 764 1315 866 1366; x_wconf 89' lang='lat' dir='ltr'>usum,</span> <span class='ocrx_word' id='word_1_72' title='bbox 891 1297 944 1356; x_wconf 90' lang='lat' dir='ltr'>sed</span> <span class='ocrx_word' id='word_1_73' title='bbox 966 1294 1114 1357; x_wconf 77' lang='lat' dir='ltr'>licentiam</span> <span class='ocrx_word' id='word_1_74' title='bbox 1137 1296 1218 1357; x_wconf 92' lang='lat' dir='ltr'>illam</span> <span class='ocrx_word' id='word_1_75' title='bbox 1240 1297 1391 1377; x_wconf 83' lang='lat' dir='ltr'>illustrare</span> <span class='ocrx_word' id='word_1_76' title='bbox 1415 1315 1464 1356; x_wconf 83' lang='lat' dir='ltr'>vo·</span> 
     </span>
     <span class='ocr_line' id='line_1_10' title="bbox 317 1397 1463 1484; baseline 0 -27"><span class='ocrx_word' id='word_1_77' title='bbox 317 1398 419 1467; x_wconf 92' lang='lat' dir='ltr'>luisse,</span> <span class='ocrx_word' id='word_1_78' title='bbox 444 1416 515 1476; x_wconf 89' lang='lat' dir='ltr'>ergo</span> <span class='ocrx_word' id='word_1_79' title='bbox 538 1399 669 1473; x_wconf 75' lang='lat' dir='ltr'>‘quanto</span> <span class='ocrx_word' id='word_1_80' title='bbox 686 1446 692 1458; x_wconf 93' lang='lat'>.</span> <span class='ocrx_word' id='word_1_81' title='bbox 710 1445 717 1456; x_wconf 94' lang='lat'><strong><em>.</em></strong></span> <span class='ocrx_word' id='word_1_82' title='bbox 735 1406 803 1484; x_wconf 17' lang='lat' dir='ltr'>&#39;tom</span> <span class='ocrx_word' id='word_1_83' title='bbox 826 1403 891 1468; x_wconf 85' lang='lat' dir='ltr'>tu&#39;,</span> <span class='ocrx_word' id='word_1_84' title='bbox 916 1417 974 1458; x_wconf 94' lang='lat' dir='ltr'>non</span> <span class='ocrx_word' id='word_1_85' title='bbox 1000 1401 1119 1458; x_wconf 72' lang='lat' dir='ltr'>‘tanto&#39;</span> <span class='ocrx_word' id='word_1_86' title='bbox 1143 1397 1187 1458; x_wconf 86' lang='lat' dir='ltr'>vel</span> <span class='ocrx_word' id='word_1_87' title='bbox 1211 1401 1362 1460; x_wconf 80' lang='lat' dir='ltr'>‘tontum&#39;</span> <span class='ocrx_word' id='word_1_88' title='bbox 1386 1399 1463 1477; x_wconf 87' lang='lat' dir='ltr'>apud</span> 
     </span>
     <span class='ocr_line' id='line_1_11' title="bbox 317 1499 1462 1579; baseline -0.001 -19"><span class='ocrx_word' id='word_1_89' title='bbox 317 1508 454 1561; x_wconf 89' lang='lat' dir='ltr'>nostrum</span> <span class='ocrx_word' id='word_1_90' title='bbox 488 1506 607 1578; x_wconf 87' lang='lat' dir='ltr'>poetam</span> <span class='ocrx_word' id='word_1_91' title='bbox 640 1499 746 1576; x_wconf 85' lang='lat' dir='ltr'>legisse</span> <span class='ocrx_word' id='word_1_92' title='bbox 780 1499 910 1567; x_wconf 90' lang='lat' dir='ltr'>videtur,</span> <span class='ocrx_word' id='word_1_93' title='bbox 951 1499 1090 1578; x_wconf 88' lang='lat' dir='ltr'>idemque</span> <span class='ocrx_word' id='word_1_94' title='bbox 1123 1499 1339 1579; x_wconf 71' lang='lat' dir='ltr'>Philargyrium</span> <span class='ocrx_word' id='word_1_95' title='bbox 1376 1501 1462 1559; x_wconf 91' lang='lat' dir='ltr'>etiam</span> 
     </span>
     <span class='ocr_line' id='line_1_12' title="bbox 317 1599 1051 1680; baseline -0.004 -18"><span class='ocrx_word' id='word_1_96' title='bbox 317 1603 467 1680; x_wconf 89' lang='lat' dir='ltr'>reperisse</span> <span class='ocrx_word' id='word_1_97' title='bbox 492 1600 699 1670; x_wconf 84' lang='lat' dir='ltr'>Rernensibus</span> <span class='ocrx_word' id='word_1_98' title='bbox 718 1599 837 1660; x_wconf 86' lang='lat' dir='ltr'>scholiis</span> <span class='ocrx_word' id='word_1_99' title='bbox 860 1600 1051 1678; x_wconf 89' lang='lat' dir='ltr'>intellegitur.</span> 
     </span>
    </p>

    <p class='ocr_par' dir='ltr' id='par_1_4' title="bbox 318 1699 1466 1872">
     <span class='ocr_line' id='line_1_13' title="bbox 402 1699 1466 1782; baseline 0.003 -21"><span class='ocrx_word' id='word_1_100' title='bbox 402 1702 478 1762; x_wconf 85' lang='lat' dir='ltr'>Vere</span> <span class='ocrx_word' id='word_1_101' title='bbox 506 1709 625 1781; x_wconf 87' lang='lat' dir='ltr'>praeter</span> <span class='ocrx_word' id='word_1_102' title='bbox 653 1702 726 1762; x_wconf 92' lang='lat' dir='ltr'>alios</span> <span class='ocrx_word' id='word_1_103' title='bbox 758 1703 844 1762; x_wconf 91' lang='lat' dir='ltr'>etiarn</span> <span class='ocrx_word' id='word_1_104' title='bbox 877 1702 914 1762; x_wconf 92' lang='lat' dir='ltr'>de</span> <span class='ocrx_word' id='word_1_105' title='bbox 941 1704 1012 1761; x_wconf 85' lang='lat' dir='ltr'>Aen.</span> <span class='ocrx_word' id='word_1_106' title='bbox 1042 1703 1068 1762; x_wconf 95' lang='lat' dir='ltr'>ll</span> <span class='ocrx_word' id='word_1_107' title='bbox 1090 1699 1132 1763; x_wconf 86' lang='lat'>90</span> <span class='ocrx_word' id='word_1_108' title='bbox 1159 1703 1306 1782; x_wconf 87' lang='lat' dir='ltr'>scriptura</span> <span class='ocrx_word' id='word_1_109' title='bbox 1335 1707 1466 1779; x_wconf 78' lang='lat' dir='ltr'>pellacis</span> 
     </span>
     <span class='ocr_line' id='line_1_14' title="bbox 318 1800 969 1872; baseline -0.003 -8"><span class='ocrx_word' id='word_1_110' title='bbox 318 1811 444 1864; x_wconf 86' lang='lat' dir='ltr'>testatus</span> <span class='ocrx_word' id='word_1_111' title='bbox 467 1810 512 1864; x_wconf 89' lang='lat' dir='ltr'>est</span> <span class='ocrx_word' id='word_1_112' title='bbox 535 1803 572 1864; x_wconf 88' lang='lat' dir='ltr'>ad</span> <span class='ocrx_word' id='word_1_113' title='bbox 594 1805 662 1864; x_wconf 86' lang='lat' dir='ltr'>Ter.</span> <span class='ocrx_word' id='word_1_114' title='bbox 686 1804 806 1864; x_wconf 91' lang='lat' dir='ltr'>Phorm.</span> <span class='ocrx_word' id='word_1_115' title='bbox 830 1800 894 1872; x_wconf 88' lang='grc'>12,</span> <span class='ocrx_word' id='word_1_116' title='bbox 921 1802 969 1863; x_wconf 82' lang='lat' dir='ltr'>tt.</span> 
     </span>
    </p>

    <p class='ocr_par' dir='ltr' id='par_1_5' title="bbox 311 1904 1465 3100">
     <span class='ocr_line' id='line_1_15' title="bbox 376 1904 1465 1986; baseline 0 -20"><span class='ocrx_word' id='word_1_117' title='bbox 376 1983 378 1986; x_wconf 16' lang='grc' dir='ltr'>Ι</span> <span class='ocrx_word' id='word_1_118' title='bbox 403 1907 572 1966; x_wconf 81' lang='lat' dir='ltr'>Prosodt&#39;ac</span> <span class='ocrx_word' id='word_1_119' title='bbox 598 1907 735 1983; x_wconf 88' lang='lat' dir='ltr'>ignarum</span> <span class='ocrx_word' id='word_1_120' title='bbox 764 1914 869 1984; x_wconf 90' lang='lat' dir='ltr'>quater</span> <span class='ocrx_word' id='word_1_121' title='bbox 898 1917 1053 1984; x_wconf 90' lang='lat' dir='ltr'>practerea</span> <span class='ocrx_word' id='word_1_122' title='bbox 1082 1907 1204 1966; x_wconf 84' lang='lat' dir='ltr'>Servius</span> <span class='ocrx_word' id='word_1_123' title='bbox 1232 1907 1345 1982; x_wconf 87' lang='lat' dir='ltr'>arguit:</span> <span class='ocrx_word' id='word_1_124' title='bbox 1374 1904 1409 1966; x_wconf 89' lang='lat' dir='ltr'>ad</span> <span class='ocrx_word' id='word_1_125' title='bbox 1439 1906 1465 1966; x_wconf 97' lang='lat' dir='ltr'>ll</span> 
     </span>
     <span class='ocr_line' id='line_1_16' title="bbox 316 2005 1463 2096; baseline -0.001 -28"><span class='ocrx_word' id='word_1_126' title='bbox 316 2005 377 2070; x_wconf 83' lang='grc'>798</span> <span class='ocrx_word' id='word_1_127' title='bbox 400 2008 479 2084; x_wconf 90' lang='lat' dir='ltr'>quod</span> <span class='ocrx_word' id='word_1_128' title='bbox 502 2009 577 2066; x_wconf 90' lang='lat' dir='ltr'>mira</span> <span class='ocrx_word' id='word_1_129' title='bbox 594 2009 761 2067; x_wconf 74' lang='lat' dir='ltr'>temeritate</span> <span class='ocrx_word' id='word_1_130' title='bbox 784 2007 955 2096; x_wconf 74' lang='lat' dir='ltr'>‘collectam</span> <span class='ocrx_word' id='word_1_131' title='bbox 971 2025 1011 2067; x_wconf 72' lang='lat' dir='ltr'>esc</span> <span class='ocrx_word' id='word_1_132' title='bbox 1028 2009 1113 2076; x_wconf 79' lang='lat' dir='ltr'>llio&#39;‚</span> <span class='ocrx_word' id='word_1_133' title='bbox 1137 2025 1197 2067; x_wconf 93' lang='lat' dir='ltr'>non</span> <span class='ocrx_word' id='word_1_134' title='bbox 1219 2009 1325 2067; x_wconf 71' lang='lat' dir='ltr'>‘exilio</span> <span class='ocrx_word' id='word_1_135' title='bbox 1341 2009 1463 2082; x_wconf 82' lang='lat' dir='ltr'>pubem’</span> 
     </span>
     <span class='ocr_line' id='line_1_17' title="bbox 314 2105 1465 2188; baseline 0 -20"><span class='ocrx_word' id='word_1_136' title='bbox 314 2109 472 2186; x_wconf 89' lang='lat' dir='ltr'>legendnm</span> <span class='ocrx_word' id='word_1_137' title='bbox 496 2111 665 2188; x_wconf 89' lang='lat' dir='ltr'>praecepit;</span> <span class='ocrx_word' id='word_1_138' title='bbox 691 2109 727 2168; x_wconf 91' lang='lat' dir='ltr'>ad</span> <span class='ocrx_word' id='word_1_139' title='bbox 750 2109 882 2186; x_wconf 90' lang='lat' dir='ltr'>eiusdem</span> <span class='ocrx_word' id='word_1_140' title='bbox 905 2107 974 2168; x_wconf 85' lang='lat' dir='ltr'>libri</span> <span class='ocrx_word' id='word_1_141' title='bbox 990 2127 1016 2168; x_wconf 87' lang='lat' dir='ltr'>v.</span> <span class='ocrx_word' id='word_1_142' title='bbox 1032 2105 1093 2169; x_wconf 78' lang='lat'>557</span> <span class='ocrx_word' id='word_1_143' title='bbox 1118 2109 1196 2187; x_wconf 90' lang='lat' dir='ltr'>quod</span> <span class='ocrx_word' id='word_1_144' title='bbox 1219 2111 1290 2168; x_wconf 73' lang='lat' dir='ltr'>litus</span> <span class='ocrx_word' id='word_1_145' title='bbox 1312 2128 1328 2169; x_wconf 94' lang='lat' dir='ltr'>a</span> <span class='ocrx_word' id='word_1_146' title='bbox 1352 2107 1465 2169; x_wconf 89' lang='lat' dir='ltr'>litando</span> 
     </span>
     <span class='ocr_line' id='line_1_18' title="bbox 314 2207 1464 2290; baseline 0 -20"><span class='ocrx_word' id='word_1_147' title='bbox 314 2211 425 2271; x_wconf 87' lang='lat' dir='ltr'>dietum</span> <span class='ocrx_word' id='word_1_148' title='bbox 449 2213 578 2290; x_wconf 82' lang='lat' dir='ltr'>putavit3</span> <span class='ocrx_word' id='word_1_149' title='bbox 602 2211 636 2270; x_wconf 89' lang='lat' dir='ltr'>ad</span> <span class='ocrx_word' id='word_1_150' title='bbox 655 2207 770 2271; x_wconf 82' lang='lat'><strong>111535</strong></span> <span class='ocrx_word' id='word_1_151' title='bbox 787 2210 865 2289; x_wconf 89' lang='lat' dir='ltr'>quod</span> <span class='ocrx_word' id='word_1_152' title='bbox 889 2209 968 2268; x_wconf 92' lang='lat' dir='ltr'>idem</span> <span class='ocrx_word' id='word_1_153' title='bbox 991 2214 1064 2270; x_wconf 81' lang='lat' dir='ltr'>latet</span> <span class='ocrx_word' id='word_1_154' title='bbox 1085 2211 1298 2288; x_wconf 82' lang='lat' dir='ltr'>interpretatus</span> <span class='ocrx_word' id='word_1_155' title='bbox 1320 2217 1364 2268; x_wconf 91' lang='lat' dir='ltr'>est</span> <span class='ocrx_word' id='word_1_156' title='bbox 1387 2209 1464 2270; x_wconf 85' lang='lat' dir='ltr'>‘late</span> 
     </span>
     <span class='ocr_line' id='line_1_19' title="bbox 313 2307 1460 2392; baseline -0.001 -20"><span class='ocrx_word' id='word_1_157' title='bbox 313 2319 411 2392; x_wconf 86' lang='lat' dir='ltr'>patet&#39;</span> <span class='ocrx_word' id='word_1_158' title='bbox 448 2313 540 2390; x_wconf 88' lang='lat' dir='ltr'>(Serv.</span> <span class='ocrx_word' id='word_1_159' title='bbox 575 2311 611 2370; x_wconf 91' lang='lat' dir='ltr'>ad</span> <span class='ocrx_word' id='word_1_160' title='bbox 641 2311 669 2369; x_wconf 91' lang='lat' dir='ltr'>h.</span> <span class='ocrx_word' id='word_1_161' title='bbox 699 2310 718 2370; x_wconf 96' lang='lat' dir='ltr'>l.</span> <span class='ocrx_word' id='word_1_162' title='bbox 749 2320 778 2370; x_wconf 92' lang='lat' dir='ltr'>et</span> <span class='ocrx_word' id='word_1_163' title='bbox 805 2312 840 2370; x_wconf 89' lang='lat' dir='ltr'>ad</span> <span class='ocrx_word' id='word_1_164' title='bbox 869 2311 909 2371; x_wconf 93' lang='lat' dir='ltr'>lll</span> <span class='ocrx_word' id='word_1_165' title='bbox 937 2308 1014 2371; x_wconf 86' lang='lat'>636:</span> <span class='ocrx_word' id='word_1_166' title='bbox 1049 2312 1086 2370; x_wconf 84' lang='lat' dir='ltr'>cf.</span> <span class='ocrx_word' id='word_1_167' title='bbox 1116 2313 1271 2390; x_wconf 83' lang='lat' dir='ltr'>Agroetius</span> <span class='ocrx_word' id='word_1_168' title='bbox 1292 2307 1375 2371; x_wconf 75' lang='grc'>2271</span> <span class='ocrx_word' id='word_1_169' title='bbox 1398 2311 1460 2391; x_wconf 83' lang='lat' dir='ltr'>P.);</span> 
     </span>
     <span class='ocr_line' id='line_1_20' title="bbox 315 2408 1465 2491; baseline 0 -19"><span class='ocrx_word' id='word_1_170' title='bbox 315 2413 445 2490; x_wconf 87' lang='lat' dir='ltr'>denique</span> <span class='ocrx_word' id='word_1_171' title='bbox 468 2413 504 2472; x_wconf 91' lang='lat' dir='ltr'>ad</span> <span class='ocrx_word' id='word_1_172' title='bbox 529 2412 591 2472; x_wconf 90' lang='lat' dir='ltr'>Vlll</span> <span class='ocrx_word' id='word_1_173' title='bbox 614 2408 677 2471; x_wconf 91' lang='grc'>642</span> <span class='ocrx_word' id='word_1_174' title='bbox 700 2412 777 2490; x_wconf 89' lang='lat' dir='ltr'>quod</span> <span class='ocrx_word' id='word_1_175' title='bbox 801 2417 878 2473; x_wconf 73' lang='grc'>31133</span> <span class='ocrx_word' id='word_1_176' title='bbox 900 2412 1058 2491; x_wconf 87' lang='lat' dir='ltr'>quadrigas</span> <span class='ocrx_word' id='word_1_177' title='bbox 1080 2413 1211 2490; x_wconf 83' lang='lat' dir='ltr'>intellegi</span> <span class='ocrx_word' id='word_1_178' title='bbox 1239 2412 1330 2472; x_wconf 92' lang='lat' dir='ltr'>voluit</span> <span class='ocrx_word' id='word_1_179' title='bbox 1358 2413 1465 2474; x_wconf 87' lang='lat' dir='ltr'>divisas</span> 
     </span>
     <span class='ocr_line' id='line_1_21' title="bbox 314 2510 1464 2594; baseline 0.003 -23"><span class='ocrx_word' id='word_1_180' title='bbox 314 2513 360 2574; x_wconf 92' lang='lat' dir='ltr'>vel</span> <span class='ocrx_word' id='word_1_181' title='bbox 389 2523 541 2593; x_wconf 88' lang='lat' dir='ltr'>separatas</span> <span class='ocrx_word' id='word_1_182' title='bbox 571 2513 617 2594; x_wconf 82' lang='lat' dir='ltr'>(cl.</span> <span class='ocrx_word' id='word_1_183' title='bbox 650 2514 762 2573; x_wconf 89' lang='lat' dir='ltr'>Nonius</span> <span class='ocrx_word' id='word_1_184' title='bbox 788 2510 861 2582; x_wconf 83' lang='grc'>265,</span> <span class='ocrx_word' id='word_1_185' title='bbox 890 2510 954 2590; x_wconf 82' lang='grc'>24).</span> <span class='ocrx_word' id='word_1_186' title='bbox 1006 2513 1117 2584; x_wconf 80' lang='lat' dir='ltr'>Quibus</span> <span class='ocrx_word' id='word_1_187' title='bbox 1146 2533 1216 2574; x_wconf 93' lang='lat' dir='ltr'>sane</span> <span class='ocrx_word' id='word_1_188' title='bbox 1246 2514 1388 2593; x_wconf 85' lang='lat' dir='ltr'>exemplis</span> <span class='ocrx_word' id='word_1_189' title='bbox 1418 2515 1464 2574; x_wconf 89' lang='lat' dir='ltr'>vel</span> 
     </span>
     <span class='ocr_line' id='line_1_22' title="bbox 313 2615 1462 2692; baseline 0 -18"><span class='ocrx_word' id='word_1_190' title='bbox 313 2619 442 2676; x_wconf 84' lang='lat' dir='ltr'>maxime</span> <span class='ocrx_word' id='word_1_191' title='bbox 465 2625 602 2692; x_wconf 85' lang='lat' dir='ltr'>apparet,</span> <span class='ocrx_word' id='word_1_192' title='bbox 627 2625 770 2692; x_wconf 88' lang='lat' dir='ltr'>quantum</span> <span class='ocrx_word' id='word_1_193' title='bbox 792 2633 808 2674; x_wconf 94' lang='grc'>3</span> <span class='ocrx_word' id='word_1_194' title='bbox 831 2615 921 2675; x_wconf 91' lang='lat' dir='ltr'>Probi</span> <span class='ocrx_word' id='word_1_195' title='bbox 946 2615 1081 2675; x_wconf 90' lang='lat' dir='ltr'>doctrina</span> <span class='ocrx_word' id='word_1_196' title='bbox 1103 2615 1184 2674; x_wconf 91' lang='lat' dir='ltr'>illius</span> <span class='ocrx_word' id='word_1_197' title='bbox 1206 2617 1269 2674; x_wconf 92' lang='lat' dir='ltr'>aevi</span> <span class='ocrx_word' id='word_1_198' title='bbox 1291 2615 1337 2675; x_wconf 88' lang='lat' dir='ltr'>vel</span> <span class='ocrx_word' id='word_1_199' title='bbox 1359 2615 1462 2675; x_wconf 90' lang='lat' dir='ltr'>claris-</span> 
     </span>
     <span class='ocr_line' id='line_1_23' title="bbox 312 2710 1462 2793; baseline 0.001 -18"><span class='ocrx_word' id='word_1_200' title='bbox 312 2719 379 2776; x_wconf 90' lang='lat' dir='ltr'>simi</span> <span class='ocrx_word' id='word_1_201' title='bbox 402 2717 540 2776; x_wconf 90' lang='lat' dir='ltr'>doctorcs</span> <span class='ocrx_word' id='word_1_202' title='bbox 563 2710 786 2776; x_wconf 79' lang='lat' dir='ltr'>abhorruerint.</span> <span class='ocrx_word' id='word_1_203' title='bbox 832 2715 908 2786; x_wconf 81' lang='lat' dir='ltr'>Quid</span> <span class='ocrx_word' id='word_1_204' title='bbox 932 2717 1010 2793; x_wconf 87' lang='lat' dir='ltr'>quod</span> <span class='ocrx_word' id='word_1_205' title='bbox 1035 2719 1234 2787; x_wconf 77' lang='lat' dir='ltr'>Parrhasium</span> <span class='ocrx_word' id='word_1_206' title='bbox 1250 2717 1421 2778; x_wconf 88' lang='lat' dir='ltr'>Euandrum</span> <span class='ocrx_word' id='word_1_207' title='bbox 1445 2736 1462 2776; x_wconf 92' lang='lat' dir='ltr'>a</span> 
     </span>
     <span class='ocr_line' id='line_1_24' title="bbox 313 2815 1462 2898; baseline 0 -20"><span class='ocrx_word' id='word_1_208' title='bbox 313 2836 399 2897; x_wconf 81' lang='lat' dir='ltr'>parra</span> <span class='ocrx_word' id='word_1_209' title='bbox 424 2818 534 2876; x_wconf 86' lang='lat' dir='ltr'>dictum</span> <span class='ocrx_word' id='word_1_210' title='bbox 559 2837 625 2878; x_wconf 89' lang='lat' dir='ltr'>esse</span> <span class='ocrx_word' id='word_1_211' title='bbox 653 2817 746 2876; x_wconf 92' lang='lat' dir='ltr'>voluit</span> <span class='ocrx_word' id='word_1_212' title='bbox 769 2815 861 2896; x_wconf 89' lang='lat' dir='ltr'>(Serv.</span> <span class='ocrx_word' id='word_1_213' title='bbox 885 2822 957 2878; x_wconf 85' lang='lat' dir='ltr'>Aen.</span> <span class='ocrx_word' id='word_1_214' title='bbox 981 2819 1020 2878; x_wconf 87' lang='lat' dir='ltr'>Xl</span> <span class='ocrx_word' id='word_1_215' title='bbox 1043 2816 1114 2898; x_wconf 82' lang='lat' dir='ltr'>3l)‘?</span> <span class='ocrx_word' id='word_1_216' title='bbox 1157 2819 1194 2878; x_wconf 88' lang='lat' dir='ltr'>Et</span> <span class='ocrx_word' id='word_1_217' title='bbox 1216 2819 1329 2893; x_wconf 82' lang='lat' dir='ltr'>Graece</span> <span class='ocrx_word' id='word_1_218' title='bbox 1358 2837 1462 2898; x_wconf 85' lang='lat' dir='ltr'>parum</span> 
     </span>
     <span class='ocr_line' id='line_1_25' title="bbox 313 2919 1460 2996; baseline 0.002 -18"><span class='ocrx_word' id='word_1_219' title='bbox 313 2920 433 2979; x_wconf 92' lang='lat' dir='ltr'>doctum</span> <span class='ocrx_word' id='word_1_220' title='bbox 460 2919 552 2982; x_wconf 82' lang='lat' dir='ltr'>luisse</span> <span class='ocrx_word' id='word_1_221' title='bbox 580 2919 649 2978; x_wconf 92' lang='lat' dir='ltr'>inde</span> <span class='ocrx_word' id='word_1_222' title='bbox 678 2927 818 2996; x_wconf 84' lang='lat' dir='ltr'>apparet,</span> <span class='ocrx_word' id='word_1_223' title='bbox 852 2921 931 2996; x_wconf 85' lang='lat' dir='ltr'>quod</span> <span class='ocrx_word' id='word_1_224' title='bbox 954 2922 1092 2980; x_wconf 79' lang='lat' dir='ltr'>Lenaeus</span> <span class='ocrx_word' id='word_1_225' title='bbox 1114 2919 1225 2979; x_wconf 89' lang='lat' dir='ltr'>Bacchi</span> <span class='ocrx_word' id='word_1_226' title='bbox 1255 2937 1420 2996; x_wconf 90' lang='lat' dir='ltr'>cognomen</span> <span class='ocrx_word' id='word_1_227' title='bbox 1442 2939 1460 2980; x_wconf 94' lang='lat' dir='ltr'>a</span> 
     </span>
     <span class='ocr_line' id='line_1_26' title="bbox 311 3017 1418 3100; baseline 0 -20"><span class='ocrx_word' id='word_1_228' title='bbox 311 3023 450 3081; x_wconf 79' lang='lat' dir='ltr'>leniendo</span> <span class='ocrx_word' id='word_1_229' title='bbox 473 3017 616 3079; x_wconf 86' lang='lat' dir='ltr'>derivavit</span> <span class='ocrx_word' id='word_1_230' title='bbox 639 3019 675 3078; x_wconf 88' lang='lat' dir='ltr'>ad</span> <span class='ocrx_word' id='word_1_231' title='bbox 697 3037 744 3097; x_wconf 86' lang='lat' dir='ltr'>ge.</span> <span class='ocrx_word' id='word_1_232' title='bbox 770 3021 794 3080; x_wconf 97' lang='lat' dir='ltr'>ll</span> <span class='ocrx_word' id='word_1_233' title='bbox 816 3018 847 3080; x_wconf 89' lang='lat'>4.</span> <span class='ocrx_word' id='word_1_234' title='bbox 921 3033 929 3043; x_wconf 73' lang='grc'><strong>“</strong></span> <span class='ocrx_word' id='word_1_235' title='bbox 1416 3097 1418 3100; x_wconf 16' lang='lat'>¹</span> 
     </span>
    </p>

    <p class='ocr_par' dir='ltr' id='par_1_6' title="bbox 257 3121 1519 3806">
     <span class='ocr_line' id='line_1_27' title="bbox 397 3121 1461 3201; baseline 0 -19"><span class='ocrx_word' id='word_1_236' title='bbox 397 3124 536 3190; x_wconf 85' lang='lat' dir='ltr'>Ceterum</span> <span class='ocrx_word' id='word_1_237' title='bbox 559 3123 697 3180; x_wconf 74' lang='lat' dir='ltr'>distinxit</span> <span class='ocrx_word' id='word_1_238' title='bbox 720 3128 831 3182; x_wconf 87' lang='lat' dir='ltr'>textum</span> <span class='ocrx_word' id='word_1_239' title='bbox 854 3131 960 3201; x_wconf 91' lang='lat' dir='ltr'>poetae</span> <span class='ocrx_word' id='word_1_240' title='bbox 982 3124 1088 3191; x_wconf 71' lang='lat' dir='ltr'>itaut</span> <span class='ocrx_word' id='word_1_241' title='bbox 1111 3140 1170 3181; x_wconf 92' lang='lat' dir='ltr'>non</span> <span class='ocrx_word' id='word_1_242' title='bbox 1188 3121 1327 3181; x_wconf 80' lang='lat' dir='ltr'>vocabula</span> <span class='ocrx_word' id='word_1_243' title='bbox 1346 3129 1461 3182; x_wconf 90' lang='lat' dir='ltr'>tantum</span> 
     </span>
     <span class='ocr_line' id='line_1_28' title="bbox 312 3222 1462 3302; baseline 0 -18"><span class='ocrx_word' id='word_1_244' title='bbox 312 3223 425 3302; x_wconf 84' lang='lat' dir='ltr'>singula</span> <span class='ocrx_word' id='word_1_245' title='bbox 449 3236 479 3283; x_wconf 89' lang='lat' dir='ltr'>et</span> <span class='ocrx_word' id='word_1_246' title='bbox 492 3223 636 3282; x_wconf 91' lang='lat' dir='ltr'>orationis</span> <span class='ocrx_word' id='word_1_247' title='bbox 652 3230 832 3284; x_wconf 88' lang='lat' dir='ltr'>structuram</span> <span class='ocrx_word' id='word_1_248' title='bbox 847 3231 974 3293; x_wconf 87' lang='lat' dir='ltr'>notaret,</span> <span class='ocrx_word' id='word_1_249' title='bbox 1000 3224 1053 3284; x_wconf 88' lang='lat' dir='ltr'>sed</span> <span class='ocrx_word' id='word_1_250' title='bbox 1075 3225 1164 3284; x_wconf 89' lang='lat' dir='ltr'>etiam</span> <span class='ocrx_word' id='word_1_251' title='bbox 1180 3222 1362 3293; x_wconf 75' lang='lat' dir='ltr'>subtiliores</span> <span class='ocrx_word' id='word_1_252' title='bbox 1385 3242 1462 3302; x_wconf 91' lang='lat' dir='ltr'>quos</span> 
     </span>
     <span class='ocr_line' id='line_1_29' title="bbox 311 3323 1460 3404; baseline -0.002 -18"><span class='ocrx_word' id='word_1_253' title='bbox 311 3326 431 3404; x_wconf 87' lang='lat' dir='ltr'>quidem</span> <span class='ocrx_word' id='word_1_254' title='bbox 453 3325 638 3402; x_wconf 83' lang='lat' dir='ltr'>indagarisse</span> <span class='ocrx_word' id='word_1_255' title='bbox 654 3325 712 3386; x_wconf 92' lang='lat' dir='ltr'>sibi</span> <span class='ocrx_word' id='word_1_256' title='bbox 728 3327 807 3387; x_wconf 89' lang='lat' dir='ltr'>visus</span> <span class='ocrx_word' id='word_1_257' title='bbox 825 3335 913 3394; x_wconf 88' lang='lat' dir='ltr'>essct,</span> <span class='ocrx_word' id='word_1_258' title='bbox 938 3326 1151 3386; x_wconf 87' lang='lat' dir='ltr'>sententiarum</span> <span class='ocrx_word' id='word_1_259' title='bbox 1168 3323 1284 3386; x_wconf 89' lang='lat' dir='ltr'>colores</span> <span class='ocrx_word' id='word_1_260' title='bbox 1299 3324 1460 3391; x_wconf 83' lang='lat' dir='ltr'>indicaret:</span> 
     </span>
     <span class='ocr_line' id='line_1_30' title="bbox 311 3425 1461 3507; baseline 0 -21"><span class='ocrx_word' id='word_1_261' title='bbox 311 3445 489 3506; x_wconf 90' lang='lat' dir='ltr'>quamquam</span> <span class='ocrx_word' id='word_1_262' title='bbox 511 3428 542 3485; x_wconf 91' lang='lat' dir='ltr'>in</span> <span class='ocrx_word' id='word_1_263' title='bbox 565 3425 612 3486; x_wconf 91' lang='lat' dir='ltr'>his</span> <span class='ocrx_word' id='word_1_264' title='bbox 635 3445 756 3507; x_wconf 90' lang='lat' dir='ltr'>quoque</span> <span class='ocrx_word' id='word_1_265' title='bbox 781 3434 935 3505; x_wconf 91' lang='lat' dir='ltr'>argutatus</span> <span class='ocrx_word' id='word_1_266' title='bbox 958 3432 1011 3486; x_wconf 88' lang='lat' dir='ltr'>est.</span> <span class='ocrx_word' id='word_1_267' title='bbox 1062 3427 1127 3486; x_wconf 91' lang='lat' dir='ltr'>Huc</span> <span class='ocrx_word' id='word_1_268' title='bbox 1150 3434 1285 3505; x_wconf 85' lang='lat' dir='ltr'>spectant</span> <span class='ocrx_word' id='word_1_269' title='bbox 1307 3427 1401 3486; x_wconf 90' lang='lat' dir='ltr'>Servii</span> <span class='ocrx_word' id='word_1_270' title='bbox 1424 3427 1461 3486; x_wconf 89' lang='lat' dir='ltr'>ad</span> 
     </span>
     <span class='ocr_line' id='line_1_31' title="bbox 257 3516 1461 3604; baseline -0.001 -16"><span class='ocrx_word' id='word_1_271' title='bbox 257 3519 259 3524; x_wconf 63' lang='grc'><strong>’</strong></span> <span class='ocrx_word' id='word_1_272' title='bbox 311 3529 365 3589; x_wconf 91' lang='lat' dir='ltr'>ecl.</span> <span class='ocrx_word' id='word_1_273' title='bbox 395 3529 421 3588; x_wconf 94' lang='lat' dir='ltr'>ll</span> <span class='ocrx_word' id='word_1_274' title='bbox 451 3525 488 3586; x_wconf 80' lang='lat'>17</span> <span class='ocrx_word' id='word_1_275' title='bbox 532 3543 578 3604; x_wconf 89' lang='lat' dir='ltr'>ge.</span> <span class='ocrx_word' id='word_1_276' title='bbox 602 3516 714 3589; x_wconf 86' lang='grc'>11324</span> <span class='ocrx_word' id='word_1_277' title='bbox 755 3528 807 3589; x_wconf 96' lang='lat' dir='ltr'>llll</span> <span class='ocrx_word' id='word_1_278' title='bbox 829 3524 892 3588; x_wconf 84' lang='lat'>346</span> <span class='ocrx_word' id='word_1_279' title='bbox 920 3527 1125 3587; x_wconf 88' lang='lat' dir='ltr'>adnotationes</span> <span class='ocrx_word' id='word_1_280' title='bbox 1154 3534 1184 3588; x_wconf 92' lang='lat' dir='ltr'>et</span> <span class='ocrx_word' id='word_1_281' title='bbox 1211 3547 1288 3604; x_wconf 86' lang='lat' dir='ltr'>quae</span> <span class='ocrx_word' id='word_1_282' title='bbox 1316 3529 1353 3588; x_wconf 91' lang='lat' dir='ltr'>de</span> <span class='ocrx_word' id='word_1_283' title='bbox 1383 3529 1461 3587; x_wconf 90' lang='lat' dir='ltr'>notis</span> 
     </span>
     <span class='ocr_line' id='line_1_32' title="bbox 310 3628 1460 3709; baseline -0.001 -20"><span class='ocrx_word' id='word_1_284' title='bbox 310 3629 441 3708; x_wconf 78' lang='lat' dir='ltr'>hyphen,</span> <span class='ocrx_word' id='word_1_285' title='bbox 465 3629 598 3698; x_wconf 90' lang='lat' dir='ltr'>diastole,</span> <span class='ocrx_word' id='word_1_286' title='bbox 623 3629 805 3709; x_wconf 88' lang='lat' dir='ltr'>apostropbn</span> <span class='ocrx_word' id='word_1_287' title='bbox 829 3628 932 3688; x_wconf 91' lang='lat' dir='ltr'>eodem</span> <span class='ocrx_word' id='word_1_288' title='bbox 956 3637 1077 3690; x_wconf 88' lang='lat' dir='ltr'>auctore</span> <span class='ocrx_word' id='word_1_289' title='bbox 1100 3631 1160 3689; x_wconf 91' lang='lat' dir='ltr'>sive</span> <span class='ocrx_word' id='word_1_290' title='bbox 1183 3628 1286 3708; x_wconf 88' lang='lat' dir='ltr'>Grillio</span> <span class='ocrx_word' id='word_1_291' title='bbox 1309 3630 1371 3688; x_wconf 89' lang='lat' dir='ltr'>sive</span> <span class='ocrx_word' id='word_1_292' title='bbox 1385 3629 1460 3688; x_wconf 88' lang='lat' dir='ltr'>Cen-</span> 
     </span>
     <span class='ocr_line' id='line_1_33' title="bbox 311 3726 1519 3806; baseline -0.002 -16"><span class='ocrx_word' id='word_1_293' title='bbox 311 3733 411 3791; x_wconf 91' lang='lat' dir='ltr'>sorino</span> <span class='ocrx_word' id='word_1_294' title='bbox 427 3732 488 3789; x_wconf 89' lang='lat' dir='ltr'>sive</span> <span class='ocrx_word' id='word_1_295' title='bbox 503 3729 577 3791; x_wconf 90' lang='lat' dir='ltr'>adeo</span> <span class='ocrx_word' id='word_1_296' title='bbox 590 3732 725 3792; x_wconf 86' lang='lat' dir='ltr'>Remmio</span> <span class='ocrx_word' id='word_1_297' title='bbox 736 3729 914 3790; x_wconf 89' lang='lat' dir='ltr'>Palaemone</span> <span class='ocrx_word' id='word_1_298' title='bbox 932 3729 978 3804; x_wconf 78' lang='lat' dir='ltr'>(oi.</span> <span class='ocrx_word' id='word_1_299' title='bbox 993 3731 1137 3791; x_wconf 89' lang='lat' dir='ltr'>Priscian.</span> <span class='ocrx_word' id='word_1_300' title='bbox 1153 3727 1226 3791; x_wconf 83' lang='lat'><strong>560.</strong></span> <span class='ocrx_word' id='word_1_301' title='bbox 1243 3726 1315 3790; x_wconf 78' lang='lat'><strong>978.</strong></span> <span class='ocrx_word' id='word_1_302' title='bbox 1330 3726 1391 3790; x_wconf 88' lang='grc'>993</span> <span class='ocrx_word' id='word_1_303' title='bbox 1403 3729 1458 3806; x_wconf 68' lang='lat' dir='ltr'>te),</span> <span class='ocrx_word' id='word_1_304' title='bbox 1517 3771 1519 3778; x_wconf 69' lang='lat'><em>,</em></span> 
     </span>
    </p>
   </div>
   <div class='ocr_carea' id='block_1_3' title="bbox 202 3829 1549 3912">
    <p class='ocr_par' dir='ltr' id='par_1_7' title="bbox 202 3829 1549 3912">
     <span class='ocr_line' id='line_1_34' title="bbox 202 3829 1549 3912; baseline -0.001 -21"><span class='ocrx_word' id='word_1_305' title='bbox 202 3873 205 3878; x_wconf 87' lang='lat'>-</span> <span class='ocrx_word' id='word_1_306' title='bbox 311 3851 369 3912; x_wconf 92' lang='lat' dir='ltr'>quo</span> <span class='ocrx_word' id='word_1_307' title='bbox 393 3831 552 3893; x_wconf 88' lang='lat' dir='ltr'>Diomedes</span> <span class='ocrx_word' id='word_1_308' title='bbox 576 3852 604 3910; x_wconf 91' lang='lat' dir='ltr'>p.</span> <span class='ocrx_word' id='word_1_309' title='bbox 627 3829 690 3892; x_wconf 82' lang='lat'>435</span> <span class='ocrx_word' id='word_1_310' title='bbox 702 3832 736 3891; x_wconf 90' lang='lat' dir='ltr'>ll.</span> <span class='ocrx_word' id='word_1_311' title='bbox 761 3851 832 3892; x_wconf 90' lang='lat' dir='ltr'>usus</span> <span class='ocrx_word' id='word_1_312' title='bbox 857 3839 911 3900; x_wconf 87' lang='lat' dir='ltr'>est,</span> <span class='ocrx_word' id='word_1_313' title='bbox 937 3832 1109 3909; x_wconf 87' lang='lat' dir='ltr'>eisdemque</span> <span class='ocrx_word' id='word_1_314' title='bbox 1132 3831 1232 3892; x_wconf 90' lang='lat' dir='ltr'>verbis</span> <span class='ocrx_word' id='word_1_315' title='bbox 1254 3832 1407 3910; x_wconf 87' lang='lat' dir='ltr'>praecepit</span> <span class='ocrx_word' id='word_1_316' title='bbox 1428 3833 1458 3889; x_wconf 95' lang='lat' dir='ltr'>in</span> <span class='ocrx_word' id='word_1_317' title='bbox 1544 3899 1549 3908; x_wconf 79' lang='lat'>.</span> 
     </span>
    </p>
   </div>
   <div class='ocr_carea' id='block_1_4' title="bbox 308 3925 1461 4518">
    <p class='ocr_par' dir='ltr' id='par_1_8' title="bbox 308 3925 1461 4518">
     <span class='ocr_line' id='line_1_35' title="bbox 309 3925 1456 4012; baseline -0.004 -18"><span class='ocrx_word' id='word_1_318' title='bbox 309 3942 373 3994; x_wconf 91' lang='lat' dir='ltr'>arte</span> <span class='ocrx_word' id='word_1_319' title='bbox 389 3925 513 4012; x_wconf 89' lang='lat' dir='ltr'>gramm.</span> <span class='ocrx_word' id='word_1_320' title='bbox 530 3953 558 4012; x_wconf 90' lang='lat' dir='ltr'>p.</span> <span class='ocrx_word' id='word_1_321' title='bbox 576 3929 700 4004; x_wconf 80' lang='lat' dir='ltr'>3721t.‚</span> <span class='ocrx_word' id='word_1_322' title='bbox 725 3934 775 3994; x_wconf 93' lang='lat' dir='ltr'>ubi</span> <span class='ocrx_word' id='word_1_323' title='bbox 791 3933 869 4010; x_wconf 89' lang='lat' dir='ltr'>quod</span> <span class='ocrx_word' id='word_1_324' title='bbox 893 3935 923 3992; x_wconf 94' lang='lat' dir='ltr'>in</span> <span class='ocrx_word' id='word_1_325' title='bbox 946 3933 993 3993; x_wconf 93' lang='lat' dir='ltr'>his</span> <span class='ocrx_word' id='word_1_326' title='bbox 1015 3941 1139 4010; x_wconf 81' lang='lat' dir='ltr'>ereptae</span> <span class='ocrx_word' id='word_1_327' title='bbox 1161 3935 1287 4008; x_wconf 67' lang='lat' dir='ltr'>uirginis</span> <span class='ocrx_word' id='word_1_328' title='bbox 1309 3935 1358 3992; x_wconf 82' lang='lat' dir='ltr'>ira</span> <span class='ocrx_word' id='word_1_329' title='bbox 1375 3930 1456 4011; x_wconf 79' lang='lat' dir='ltr'>(hen.</span> 
     </span>
     <span class='ocr_line' id='line_1_36' title="bbox 309 4032 1461 4114; baseline -0.003 -20"><span class='ocrx_word' id='word_1_330' title='bbox 309 4032 429 4112; x_wconf 79' lang='grc'>11413)</span> <span class='ocrx_word' id='word_1_331' title='bbox 459 4035 583 4096; x_wconf 88' lang='lat' dir='ltr'>diastole</span> <span class='ocrx_word' id='word_1_332' title='bbox 611 4044 681 4112; x_wconf 47' lang='lat' dir='ltr'>,post</span> <span class='ocrx_word' id='word_1_333' title='bbox 713 4044 837 4114; x_wconf 77' lang='lat' dir='ltr'>ereptae</span> <span class='ocrx_word' id='word_1_334' title='bbox 870 4037 964 4112; x_wconf 89' lang='lat' dir='ltr'>posita</span> <span class='ocrx_word' id='word_1_335' title='bbox 1000 4033 1076 4094; x_wconf 91' lang='lat' dir='ltr'>male</span> <span class='ocrx_word' id='word_1_336' title='bbox 1109 4033 1296 4093; x_wconf 85' lang='lat' dir='ltr'>cohaerentia</span> <span class='ocrx_word' id='word_1_337' title='bbox 1331 4033 1461 4092; x_wconf 88' lang='lat' dir='ltr'>discerni</span> 
     </span>
     <span class='ocr_line' id='line_1_37' title="bbox 309 4132 1458 4214; baseline -0.003 -18"><span class='ocrx_word' id='word_1_338' title='bbox 309 4138 404 4206; x_wconf 90' lang='lat' dir='ltr'>iussit,</span> <span class='ocrx_word' id='word_1_339' title='bbox 429 4135 628 4214; x_wconf 91' lang='lat' dir='ltr'>intellegimus</span> <span class='ocrx_word' id='word_1_340' title='bbox 651 4135 794 4214; x_wconf 88' lang='lat' dir='ltr'>quosdam</span> <span class='ocrx_word' id='word_1_341' title='bbox 817 4144 922 4210; x_wconf 81' lang='lat' dir='ltr'>erepta</span> <span class='ocrx_word' id='word_1_342' title='bbox 944 4153 961 4194; x_wconf 88' lang='lat' dir='ltr'>e</span> <span class='ocrx_word' id='word_1_343' title='bbox 982 4139 1108 4210; x_wconf 70' lang='lat' dir='ltr'>virginis</span> <span class='ocrx_word' id='word_1_344' title='bbox 1130 4139 1180 4194; x_wconf 77' lang='lat' dir='ltr'>tra</span> <span class='ocrx_word' id='word_1_345' title='bbox 1202 4133 1318 4212; x_wconf 91' lang='lat' dir='ltr'>legisse.</span> <span class='ocrx_word' id='word_1_346' title='bbox 1364 4132 1458 4194; x_wconf 90' lang='lat' dir='ltr'>Facil-</span> 
     </span>
     <span class='ocr_line' id='line_1_38' title="bbox 308 4231 1459 4298; baseline -0.002 -2"><span class='ocrx_word' id='word_1_347' title='bbox 308 4237 409 4298; x_wconf 92' lang='lat' dir='ltr'>limam</span> <span class='ocrx_word' id='word_1_348' title='bbox 438 4245 537 4297; x_wconf 91' lang='lat' dir='ltr'>autem</span> <span class='ocrx_word' id='word_1_349' title='bbox 566 4236 726 4296; x_wconf 92' lang='lat' dir='ltr'>dictionem</span> <span class='ocrx_word' id='word_1_350' title='bbox 756 4236 880 4296; x_wconf 70' lang='lat' dir='ltr'>‘mediis</span> <span class='ocrx_word' id='word_1_351' title='bbox 910 4237 1078 4296; x_wconf 85' lang='lat' dir='ltr'>eliusus-in</span> <span class='ocrx_word' id='word_1_352' title='bbox 1105 4234 1211 4295; x_wconf 89' lang='lat' dir='ltr'>undis’</span> <span class='ocrx_word' id='word_1_353' title='bbox 1242 4237 1312 4295; x_wconf 79' lang='lat' dir='ltr'>hen.</span> <span class='ocrx_word' id='word_1_354' title='bbox 1338 4231 1459 4296; x_wconf 86' lang='lat' dir='ltr'><strong>v1339</strong></span> 
     </span>
     <span class='ocr_line' id='line_1_39' title="bbox 309 4336 1459 4405; baseline -0.003 -6"><span class='ocrx_word' id='word_1_355' title='bbox 309 4357 346 4399; x_wconf 87' lang='grc'>33</span> <span class='ocrx_word' id='word_1_356' title='bbox 381 4339 565 4405; x_wconf 84' lang='lat' dir='ltr'>admitteret,</span> <span class='ocrx_word' id='word_1_357' title='bbox 603 4339 678 4397; x_wconf 90' lang='lat' dir='ltr'>mire</span> <span class='ocrx_word' id='word_1_358' title='bbox 701 4345 868 4399; x_wconf 84' lang='lat' dir='ltr'>contortum</span> <span class='ocrx_word' id='word_1_359' title='bbox 897 4337 1056 4398; x_wconf 89' lang='lat' dir='ltr'>verborum</span> <span class='ocrx_word' id='word_1_360' title='bbox 1085 4336 1219 4398; x_wconf 87' lang='lat' dir='ltr'>ordinem</span> <span class='ocrx_word' id='word_1_361' title='bbox 1251 4336 1336 4398; x_wconf 76' lang='lat' dir='ltr'>‘dum</span> <span class='ocrx_word' id='word_1_362' title='bbox 1361 4346 1459 4397; x_wconf 90' lang='lat' dir='ltr'>servat</span> 
     </span>
     <span class='ocr_line' id='line_1_40' title="bbox 309 4438 926 4518; baseline -0.003 -18"><span class='ocrx_word' id='word_1_363' title='bbox 309 4439 406 4500; x_wconf 88' lang='lat' dir='ltr'>sidera</span> <span class='ocrx_word' id='word_1_364' title='bbox 429 4441 459 4498; x_wconf 93' lang='lat' dir='ltr'>in</span> <span class='ocrx_word' id='word_1_365' title='bbox 484 4439 569 4498; x_wconf 91' lang='lat' dir='ltr'>undis</span> <span class='ocrx_word' id='word_1_366' title='bbox 593 4438 718 4500; x_wconf 89' lang='lat' dir='ltr'>mediis&#39;</span> <span class='ocrx_word' id='word_1_367' title='bbox 743 4441 926 4518; x_wconf 83' lang='lat' dir='ltr'>excogitavit.</span> 
     </span>
    </p>
   </div>
   <div class='ocr_carea' id='block_1_5' title="bbox 0 0 1620 5046">
    <p class='ocr_par' dir='ltr' id='par_1_9' title="bbox 0 0 1620 5046">
     <span class='ocr_line' id='line_1_41' title="bbox 0 0 1620 5046; baseline 0 2"><span class='ocrx_word' id='word_1_368' title='bbox 0 0 1620 5046; x_wconf 95' lang='lat' dir='ltr'> </span> 
     </span>
    </p>
   </div>
  </div>
 </body>
</html>
