3212 5042
301 397 324 462 4
750 422 994 468 11111111111.

281 581 542 661 tconeinnaveraa
566 592 741 654 auctoritate
763 593 895 672 pendere
917 599 998 654 recte
1021 590 1109 652 hodie
1131 590 1311 670 statuunt*).
1336 578 1449 662 Quodsi

307 691 515 755 familiaritatis
549 713 617 756 cum
649 693 784 756 Pollione
813 701 983 758 contractae
1016 694 1229 756 documentum
1270 699 1316 754 est
1351 690 1453 770 ecloga

304 795 499 874 secunda,
527 816 565 858 ne
592 802 692 876 potest
714 796 835 875 quidem
863 805 931 859 ante
961 792 1155 860 111111711
1185 801 1361 864 exeuntem,
1391 813 1450 874 quo

305 895 366 968 ille,
391 899 443 977 qui
466 905 552 960 antea
574 900 605 960 in
627 898 767 979 Hispania
790 900 905 970 fuerat,
934 900 1064 979 primurn
1087 895 1199 959 Galliae
1222 895 1452 978 Transpadauac

304 1001 473 1080 praefectus
496 1011 556 1070 est,
581 1003 745 1081 composita
768 1000 887 1071 haberi,
918 1001 1066 1082 probabili
1089 1007 1188 1062 autem
1211 1001 1382 1061 coniectura
1404 1000 1452 1061 vix

303 1104 397 1183 ipsius
419 1104 490 1165 anni
512 1099 574 1164 712
596 1109 710 1166 aestate
739 1105 888 1184 antiquior
915 1104 1047 1184 putanda
1076 1105 1141 1164 crit.
1192 1102 1265 1164 Nam
1294 1109 1358 1191 tum
1386 1119 1451 1162 earn

302 1212 401 1266 natam
424 1224 491 1268 esse
512 1221 578 1266 cum
602 1204 694 1268 Pollio
718 1205 843 1267 Galliam
866 1206 1110 1286 'transpadanam
1140 1211 1271 1274 teneret,
1303 1203 1453 1282 expressis

303 1307 401 1369 verbis
428 1302 517 1382 docet
539 1308 658 1368 Servius
687 1307 724 1368 ad
752 1308 806 1369 ecl.
836 1305 913 1368 111.
963 1306 1103 1369 Ceterum
1134 1307 1266 1384 quamvis
1293 1303 1453 1366 Alexandri

303 1410 428 1471 formam
458 1409 595 1471 laudibus
625 1395 780 1472 celebrare
810 1409 937 1471 voluisse
958 1414 1452 1490 1111111111111111111,,111111

302 1529 362 1572 non
385 1519 445 1573 tam
468 1513 578 1572 amoris
601 1513 701 1574 vesani
725 1519 754 1573 et
782 1513 909 1574 infelicis
932 1519 1160 1574 monumentum
1186 1529 1274 1591 quarn
1305 1507 1452 1570 iucundae

304 1614 377 1674 artis
398 1615 552 1694 specimen
574 1612 826 1691 elegantissimum
851 1614 959 1676 edendi
981 1613 1137 1676 consilium
1159 1609 1282 1690 fuit**).

391 1732 581 1812 Repetuntur
593 1741 692 1794 autem
704 1733 828 1796 formosi
839 1733 970 1796 Alexidis
984 1733 1088 1794 laudes
1103 1731 1287 1812 aCcrydone
1302 1733 1334 1791 11
1350 1729 1452 1807 ecloga

302 1852 338 1895 sc
339 1837 403 1912 pti
407 1851 463 1896 ma
493 1834 528 1915 (v.
545 1831 588 1898 55
603 1833 668 1917 sq.),
693 1844 723 1897 et
744 1838 858 1898 cantari
874 1854 924 1897 eas
940 1853 1032 1896 verno
1048 1843 1185 1914 tempore
1200 1835 1320 1896 tinxisse
1335 1840 1452 1912 poetam

303 1925 439 1998 versibus
460 1933 480 1998 6
504 1944 534 1998 et
559 1935 596 2000 13
621 1938 761 2000 eflicitur:
791 1944 947 2018 praeterea
975 1937 1058 1998 nibil.
1110 1935 1201 1998 Nihili
1229 1937 1309 1998 enim
1332 1935 1452 1995 omnino

304 2046 374 2099 sunt
396 2037 551 2100 hominum
575 2039 728 2101 doctorum
753 2042 908 2102 conamina
932 2058 968 2100 ex
983 2046 1108 2100 naturae
1131 2036 1379 2118 descriptionibus
1404 2036 1451 2097 bic

303 2140 365 2202 illle
387 2142 509 2202 insertis
531 2143 645 2222 ipsum,
669 2145 695 2204 si
718 2141 764 2204 dis
791 2142 905 2223 placet,
933 2145 1072 2204 menseni
1097 2158 1154 2218 quo
1176 2138 1292 2218 singula
1320 2139 1452 2218 carmina

302 2243 413 2323 scripta
438 2261 505 2304 esse
526 2262 650 2305 necesse
673 2246 711 2306 sit
733 2243 880 2305 eliciendi.
910 2243 1012 2322 ltaque
1035 2244 1190 2322 septimam
1214 2243 1324 2304 scimus
1346 2259 1451 2303 recen·

307 2346 412 2406 tiorem
436 2345 581 2416 secunda,
610 2347 810 2424 antiquiorem
832 2346 950 2417 ultima,
980 2346 1009 2406 lr.
1034 2364 1060 2405 1.
1091 2344 1205 2405 decima
1235 2363 1315 2414 esse,
1333 2425 1335 2428 v
1350 2352 1381 2404 et
1401 2344 1452 2423 qui

305 2445 470 2527 Corydonis
491 2447 610 2518 famam,
635 2466 710 2528 quae
734 2467 769 2508 co
792 2454 928 2527 tempore
950 2453 1018 2508 nata
1042 2464 1106 2508 esse
1128 2445 1236 2507 dicitur
1259 2445 1295 2522 (v.
1319 2443 1385 2524 70),
1416 2445 1451 2506 ad

306 2548 429 2627 Vergilii
451 2550 556 2627 poesin
578 2548 768 2611 referendam
792 2568 857 2610 esse
880 2551 1026 2620 statuerit,
1050 2550 1175 2630 propius
1198 2547 1234 2608 ad
1256 2547 1340 2608 initia
1362 2565 1451 2627 quam

305 2649 342 2710 ad
365 2648 469 2711 ultima
490 2649 647 2712 bucolicae
669 2653 742 2712 artis
765 2653 929 2730 specimina
944 2650 1108 2731 Corydonis
1134 2668 1202 2712 curn
1218 2648 1364 2728 Thyrside
1386 2668 1451 2711 cer-

301 2759 401 2814 tamen
424 2751 671 2834 collocabit***).

351 2927 353 2936 ,
385 2870 459 2939 11111
487 2873 638 2959 nascentis
666 2874 796 2935 rusticae
823 2892 939 2943 musae,
969 2873 1022 2934 sed
1050 2870 1168 2933 adultae
1196 2872 1255 2932 iam
1283 2873 1355 2932 satis
1383 2889 1450 2932 curn

303 2971 437 3036 Pollione
459 2972 668 3036 familiaritatis
689 2974 870 3038 documenta
891 2978 1032 3037 tertiae
1054 2982 1123 3036 sunt
1145 2991 1247 3034 versus
1270 2969 1406 3035 84-91.

389 3093 538 3155 Secuntur
559 3093 735 3174 rapinarum
759 3097 844 3156 annis
868 3091 930 3156 713
953 3090 1234 3156 11714111111111
1258 3102 1449 3154 monumenta

306 3193 427 3275 eclogae
443 3198 575 3273 prime
598 3202 628 3256 et
649 3214 760 3258 none.
800 3196 965 3258 Inruebant
981 3197 1060 3256 enirn
1076 3214 1110 3256 ea
1126 3187 1301 3275 tempestate
1317 3192 1460 3257 veterani

304 3299 334 3358 in
357 3297 487 3359 colonias
503 3304 595 3359 totam
610 3315 665 3378 per
681 3297 794 3360 ltaliam
810 3298 977 3377 legionibus
992 3297 1110 3360 XXXlV
1128 3299 1352 3358 triumvirorum
1368 3299 1448 3358 iussu

302 3399 470 3476 adsignatas
491 3417 548 3460 nec
570 3402 705 3463 contenti
725 3402 805 3478 agris
827 3400 893 3479 lege
915 3400 972 3461 sibi
995 3401 1145 3460 concessis
1160 3401 1254 3460 vicina
1272 3419 1400 3479 quoque,
1424 3402 1448 3460 si

300 3519 376 3582 quae
399 3501 443 3562 111
465 3503 595 3562 maxime
617 3501 785 3580 placerent,
814 3504 843 3562 ri
871 3501 1057 3581 occupabant
1080 3501 1211 3580 (Appiam
1237 3499 1265 3562 b.
1289 3521 1315 3562 c.
1339 3503 1363 3562 V
1388 3499 1449 3582 13),

373 3771 399 3839 *)
418 3775 467 3826 111
481 3775 582 3826 1111111
601 3774 740 3826 amoribus
758 3773 879 3842 Vergilii
897 3791 968 3842 quae
988 3775 1140 3842 indagasse
1163 3773 1216 3826 sibi
1238 3775 1315 3827 visus
1339 3779 1381 3826 est
1399 3774 1453 3828 (11·

301 3858 425 3911 buuerus
442 3876 470 3926 p.
489 3862 523 3909 24
541 3860 776 3912 obtrectatoribus
794 3860 904 3925 reliqui.

358 3960 405 4032 **)
425 3961 504 4024 Quod
516 3961 663 4028 1111111111
678 3961 714 4026 (v.
728 3966 769 4018 35.
783 3963 827 4027 39)
846 3964 943 4013 nescio
956 3961 1017 4030 quis
1030 3962 1103 4029 apud
1116 3962 1240 4014 Servium
1253 3962 1341 4014 voluit
1353 3963 1450 4014 Corni-

305 4047 396 4098 ficium
423 4052 535 4113 poetam
554 4047 731 4113 intellegere,
759 4049 806 4115 qui
834 4065 906 4100 anno
926 4050 975 4099 713
1003 4051 1125 4098 mortuus
1152 4051 1203 4112 est,
1230 4064 1319 4114 nugas
1344 4047 1453 4100 videtur

301 4132 458 4198 protulisse.

342 4235 407 4299 ***)
426 4234 509 4286 Codri
527 4249 648 4302 persona
665 4249 691 4292 v.
715 4238 748 4288 22
773 4237 820 4301 qui
839 4235 1016 4288 Cornificium
1039 4243 1149 4303 poetam
1173 4236 1250 4300 tangi
1272 4252 1360 4304 prava
1383 4251 1451 4288 sane

300 4323 464 4371 coniectura
486 4321 649 4386 voluerunt,
674 4321 826 4386 siquidem
850 4324 960 4372 omnino
979 4327 1131 4388 temporum
1149 4324 1283 4372 rationem
1301 4323 1453 4388 trabebant,

300 4407 735 4472 1111111111111111111713,
764 4423 816 4472 quo
838 4407 888 4457 ille
911 4407 995 4472 obiit,
1024 4408 1148 4472 eclogam
1176 4409 1321 4473 septimam
1348 4408 1451 4459 babere

296 4489 445 4546 debebant.
