3276 5050
321 391 364 459 94
768 412 1011 461 enonnnoumn.
1035 449 1046 461 .

322 592 420 644 tamen
449 585 607 666 Aristonici
635 584 671 644 ad
699 583 826 644 Homeri
848 585 876 643 Y
899 581 962 644 269
995 582 1107 644 scholio
1141 584 1268 663 quodam
1301 605 1468 656 monemur,

320 704 411 765 posse
433 687 522 746 etiarn
544 685 748 765 paulominus
770 687 861 765 turpi,
885 685 956 747 licet
977 687 1071 764 magis
1094 687 1181 746 etiam
1204 705 1348 766 perverso
1372 688 1469 768 studio

320 787 567 867 interpolatorem
606 789 726 849 ductum
763 789 872 867 putari.
932 788 1011 848 llaec
1045 789 1124 848 eninr
1158 787 1224 848 ille:
1265 777 1469 849 άθετοῦνται

321 887 427 968 στίχοι
450 879 495 965 d',
530 877 581 948 ὅτι
604 883 879 968 διεσκευασμένοι
903 881 988 948 εἰσὶν
1009 878 1077 950 ὑπό
1098 907 1190 960 τινος
1211 885 1279 949 ταῖν
1299 885 1468 970 βουλομέ-

320 1009 392 1050 νων
420 983 598 1070 πρόβλημα
626 997 736 1050 ποιεῖν
767 992 814 1066 (cl.
838 989 933 1051 Lebrs
961 991 998 1050 de
1020 992 1107 1052 Arist.
1138 991 1215 1052 stud.
1244 987 1380 1071 12210).
1431 994 1470 1054 Ut

320 1093 462 1153 sortasse¹
481 1099 585 1170 noster
614 1109 732 1171 quoque
760 1092 844 1158 locus
873 1094 1017 1154 acuminis
1046 1092 1214 1154 ostentandi
1246 1092 1292 1180 vel
1327 1095 1469 1172 carpendi

319 1202 426 1274 poetae
449 1212 537 1255 causa
567 1212 583 1253 a
612 1193 705 1255 sciolo
733 1195 835 1256 nescio
865 1213 924 1274 quo
953 1195 1131 1274 suppositus·
1154 1188 1205 1255 sit.¹
1253 1195 1290 1256 Et
1317 1204 1470 1274 comparat

321 1296 463 1357 Lehrsius
486 1295 504 1356 l.
529 1294 548 1356 l.
574 1312 641 1356 cnm
665 1295 754 1356 simili
776 1315 900 1376 prorsus
923 1295 1059 1358 licentiae
1083 1295 1218 1376 exemplo
1241 1295 1277 1357 ad
1299 1295 1324 1356 ll
1346 1293 1409 1358 372
1432 1296 1468 1359 ab

323 1399 493 1460 Aristonico
522 1396 638 1478 prolato
662 1384 723 1478 (ὅτι
744 1393 905 1468 θέλοντες
927 1388 1050 1476 ζήτημα
1079 1403 1189 1457 ποιεῖν
1214 1389 1469 1478 μεταγράφουσι

320 1489 359 1559 τὸ
387 1487 577 1578 ἡμιστίχιον
606 1485 729 1576 οὕτως,
760 1491 815 1560 καὶ
842 1491 948 1579 βάλεν
978 1487 1054 1559 odd’
1085 1489 1290 1578 ἐφάμορτεν,
1320 1488 1406 1560 ἑκών
1435 1487 1467 1559 d'

320 1591 493 1682 ἡμάρτανε
517 1592 640 1679 φωτός,
664 1619 718 1679 pro
741 1581 762 1680 ἦ
784 1596 827 1679 ῥα
849 1593 905 1661 καὶ
927 1598 1021 1683 ἔγχος
1043 1589 1201 1680 ἅμαρτεν,
1225 1589 1312 1662 ἑκών
1334 1621 1363 1662 ιι.
1380 1621 1408 1661 τ.
1425 1600 1466 1678 λ.)

320 1711 496 1782 corruptum
520 1701 592 1762 lalsa
617 1702 808 1763 distinctione
830 1721 847 1762 a
869 1701 1124 1781 Vergiliomastige
1146 1721 1268 1764 versum
1291 1701 1346 1764 ecl.
1369 1703 1394 1763 ll
1415 1700 1466 1764 23.

400 1803 613 1866 'Emendavisse
637 1789 781 1866 dicuntur
804 1806 910 1865 Varius
933 1812 963 1864 et
984 1805 1083 1866 'lucca
1107 1805 1156 1865 Vll
1177 1801 1256 1874 464,
1289 1805 1340 1866 ubi
1369 1813 1466 1868 tamen

324 1926 383 1968 non
407 1908 478 1967 satis
499 1904 594 1983 liquet
617 1913 718 1968 utrum
743 1910 871 1986 ‘aquae’
897 1906 993 1967 solum
1016 1908 1105 1967 metri
1127 1908 1198 1968 vitio
1214 1925 1250 1967 an
1274 1908 1386 1985 ‘aquae
1401 1909 1466 1977 vis’,

257 2035 259 2042 ¹
320 2008 400 2088 quod
422 2007 565 2070 Macrobii
587 2027 704 2089 quoque
727 2008 847 2070 codices
876 2008 1035 2088 praebent,
1064 2008 1222 2086 reliquisse
1252 2008 1403 2086 putandus
1430 2010 1469 2070 sit

319 2117 427 2189 poeta:
457 2127 526 2170 narn
556 2113 667 2190 ‘aquae
685 2111 808 2190 'amnis’
837 2111 940 2171 vitiosa
968 2109 1088 2170 iambici
1116 2109 1251 2184 vocabuli
1274 2109 1396 2171 elisione
1420 2111 1467 2192 (cl.

254 2201 261 2210 “
319 2211 439 2272 Lacbrn.
465 2211 555 2272 Lucr.
582 2208 652 2290 196)
676 2231 715 2272 ne
737 2213 834 2291 primo
858 2211 976 2289 quidem
1000 2213 1155 2274 conamine
1177 2211 1288 2272 fudisse
1311 2220 1418 2290 potest,
1443 2213 1467 2272 si

319 2314 439 2392 quidem
462 2332 584 2374 versum
607 2321 784 2392 sequentem
806 2313 886 2376 idem
908 2315 1016 2392 posuit.
1066 2316 1107 2375 bc
1136 2315 1263 2374 tortasse
1286 2331 1324 2374 ne
1347 2314 1467 2374 Servius

318 2415 438 2495 quidem
466 2413 524 2476 tale
548 2415 616 2492 quid
641 2415 797 2476 tradidisse
820 2415 987 2476 credendus
1010 2423 1071 2485 est,
1100 2415 1151 2475 sed
1181 2416 1224 2476 sic
1248 2414 1464 2476 emendandus:

319 2520 406 2577 ‘uum
429 2519 581 2591 Vergilius
602 2520 646 2578 sr‘c
666 2520 847 2593 reliquerat:
869 2518 940 2578 lurit
954 2518 1035 2578 intus
1050 2533 1144 2596 aquae
1161 2516 1218 2595 [vis
1232 2517 1363 2588 fumidus
1378 2523 1466 2595 atque

318 2618 376 2679 alte
401 2638 444 2697 sp.
470 2614 510 2701 e]
538 2620 647 2690 amnis,
676 2622 775 2680 idest
808 2621 880 2680 lurit
907 2621 986 2680 intus
1014 2637 1089 2698 aqua
1113 2626 1142 2679 et
1170 2621 1265 2680 amnis
1294 2618 1465 2680 exuberat)

318 2720 459 2780 Ceterum
495 2721 592 2781 omnis
630 2720 667 2781 de
700 2720 888 2782 duumvirum
924 2722 1043 2798 negotio
1076 2723 1219 2782 memoria
1248 2738 1336 2798 quam
1363 2739 1466 2782 manca

318 2829 406 2898 atque
429 2821 566 2900 ambigua
590 2823 637 2893 sit,
664 2821 708 2882 vel
731 2822 877 2883 hocloco
901 2821 1012 2884 scholia
1034 2831 1135 2884 nostra
1158 2824 1284 2885 docent:
1307 2842 1375 2884 uam
1399 2841 1466 2886 cum

318 2923 439 2984 Servius
462 2927 557 3000 aquai
576 2924 725 2986 diaeresin
748 2925 886 2985 Tuccam
910 2932 939 2985 et
961 2926 1080 2986 Varium
1103 2926 1211 2987 iecisse
1233 2932 1375 2996 testetur,
1404 2925 1465 2985 blo-

317 3027 415 3087 retani
437 3044 483 3105 pr.
506 3024 654 3104 glossator
677 3030 841 3101 ορατιονις
864 3026 1076 3106 ‘adposuisse’
1099 3033 1201 3088 narrat
1223 3026 1360 3088 Tuccam.
1396 3025 1466 3087 Mihi

318 3135 414 3188 autem
438 3127 628 3189 verisimilius
650 3128 766 3188 videtur
795 3128 882 3197 illud,
911 3134 945 3189 ut
973 3129 1051 3208 quod
1082 3128 1171 3207 paulo
1199 3126 1406 3206 neglegentius
1433 3129 1464 3187 in

317 3227 441 3292 schedis*
454 3236 610 3291 exaratum
634 3248 733 3306 uquue
755 3231 854 3309 primo
870 3239 992 3308 aspectu
1014 3231 1107 3290 visum
1131 3230 1235 3299 luerat,
1260 3231 1373 3290 rectius
1402 3237 1464 3290 tum

318 3335 415 3408 aquai
434 3330 541 3409 legisse
570 3338 746 3392 statuantur.

401 3433 530 3496 Omnino
559 3431 713 3511 ambigua,
748 3452 804 3494 nec
839 3435 910 3496 satis
937 3433 1024 3493 claris
1058 3432 1165 3493 litteris
1199 3451 1339 3512 expressa
1371 3435 1464 3496 inter-

317 3535 459 3615 pretanda
504 3542 534 3595 et
570 3535 776 3596 constituenda
821 3554 886 3596 cnm
932 3542 1048 3604 essent,
1092 3536 1191 3596 minus
1231 3553 1303 3596 sane
1339 3535 1465 3598 feliciter

317 3637 501 3718 expedivisse
534 3636 607 3697 mibi
639 3636 775 3698 videntur
808 3637 862 3698 llll
894 3634 973 3707 436,
1011 3636 1062 3698 ubi
1098 3639 1251 3699 ‘dederis’
1285 3639 1461 3718 scripturam

315 3739 487 3820 probavisse
525 3738 664 3800 dicuntur
702 3757 759 3799 neo
791 3741 885 3818 magis
919 3757 1008 3816 quam
1041 3739 1090 3800 alii
1123 3741 1153 3800 in
1193 3740 1326 3801 ‘morte'
1365 3741 1461 3800 sorori

315 3840 430 3901 scilicet
452 3841 599 3920 promissa
619 3841 756 3901 videntur
779 3841 948 3903 ollendisse.
994 3842 1101 3902 Verum
1126 3860 1191 3902 esse
1214 3841 1293 3922 quod
1314 3843 1345 3902 in
1361 3843 1463 3919 MPyl

316 3940 423 4020 legitur
452 3942 605 4004 ‘dederit’
635 3942 680 4004 vel
708 3962 733 4002 v.
761 3939 825 4004 429
854 3951 1043 4024 comparatus
1072 3944 1159 4005 docet
1192 3945 1375 4004 ‘extremum
1406 3943 1463 4004 hoc

315 4027 442 4106 miserae
479 4043 530 4106 det
565 4063 674 4107 munus
710 4047 853 4115 amanti',
892 4046 944 4125 qui
980 4046 1027 4106 bis
1064 4051 1247 4106 ‘extremam
1292 4045 1370 4106 hanc
1407 4063 1461 4105 oro

316 4147 448 4208 veniam’
485 4143 566 4226 (436)
595 4149 758 4227 repetitur,
795 4167 861 4210 cnm
896 4148 974 4228 quod
999 4149 1105 4228 exequi
1127 4146 1246 4209 iubetur
1271 4148 1355 4208 Anna
1377 4165 1460 4208 man·

318 4247 418 4310 datum
448 4267 509 4310 non
538 4251 670 4328 potuerit
705 4251 826 4311 ‘venia’
854 4251 976 4329 proprie
1003 4250 1075 4320 dici,
1110 4267 1166 4310 nec
1194 4250 1304 4319 sorori,
1336 4265 1461 4326 quacum

315 4369 374 4413 una
397 4359 475 4412 totos
497 4353 561 4412 lere
585 4351 648 4412 dies
673 4361 750 4422 erat,
778 4354 908 4438 pemitti,
939 4353 991 4414 sed
1014 4352 1099 4413 reddi
1123 4351 1167 4412 vel
1189 4351 1314 4430 rependi
1336 4352 1461 4429 gratiam

314 4471 368 4539 par
389 4455 491 4518 inerit.
518 4455 614 4516 blorte
629 4461 728 4516 autem
752 4453 929 4516 cumulatam
946 4475 979 4517 se
994 4456 1187 4516 remissuram
1211 4471 1277 4515 esse
1301 4455 1326 4514 si
1348 4455 1460 4533 promi·
