3276 5050
671 394 914 440 eeonuoouunm
1301 376 1361 444 135

217 572 350 634 Aeneas;
379 569 482 644 postea
509 565 687 626 Mezentium
715 566 866 626 interemit
897 567 1041 628 Ascanius
1069 575 1098 628 et
1125 567 1362 634 Laurolavinium

220 669 335 730 tenuit'
365 667 522 728 manifesto
545 666 663 729 Catonis
693 676 763 728 sunt
791 668 838 749 (cl.
866 667 935 728 libri
962 668 1115 748 Originum
1143 672 1233 750 primi
1260 671 1296 732 11.
1323 669 1362 733 10

218 777 248 844 et
272 769 333 850 ill.
394 768 611 847 Subsequentia
633 787 705 830 vero
739 771 844 830 ‘cuius
865 769 982 832 Lavinia
1012 773 1119 834 timens
1146 773 1268 834 insidias
1294 791 1360 852 gra·

214 871 280 933 vida
312 872 447 949 confugit
474 870 510 931 ad
538 871 625 932 silvas
654 879 683 932 ct
709 871 794 932 latuit
819 873 850 932 in
878 855 945 933 casa
971 875 1100 952 pastoris
1121 874 1260 955 Tyrrhi',
1284 890 1372 955 quac'
1410 895 1413 902 ’

219 973 300 1034 vides
328 991 453 1053 prorsus
483 991 552 1034 cum
579 973 667 1054 hspri
695 975 868 1053 conspirare
896 973 1085 1036 adnotatione
1112 975 1167 1036 ‘ab
1194 975 1386 1038 1161611616”

215 1083 346 1138 tractum
382 1075 495 1154 Tyrrhi
537 1093 647 1136 nomen
682 1075 882 1147 adfirmantis,
914 1093 973 1152 (pro
999 1079 1094 1154 magis
1127 1077 1281 1158 probabile
1317 1088 1363 1140 est

215 1185 338 1240 auctore
360 1179 476 1240 narrari
499 1194 586 1255 quam
610 1176 729 1247 eodem,
758 1178 843 1239 cuins
871 1193 961 1257 supra
984 1184 1122 1258 excerpta
1150 1185 1196 1240 est
1223 1179 1378 1252 historia,

217 1281 346 1342 Catone?
392 1279 482 1342 Cuius
506 1298 541 1340 ex
564 1280 735 1341 narratione
758 1285 875 1358 sumpla
896 1279 970 1340 haec
993 1297 1111 1359 quoque
1125 1281 1248 1342 lrustula
1264 1282 1358 1362 Asper

212 1383 432 1444 commentario
454 1401 516 1453 suo,
541 1399 600 1459 quo
622 1380 670 1441 hic
692 1382 819 1443 maxime
835 1381 969 1442 Servium
984 1401 1072 1443 usum
1088 1401 1153 1444 csse
1175 1401 1235 1444 non
1256 1385 1357 1463 inepte

211 1483 443 1563 suspicabimur,
468 1485 630 1544 inseruisse
652 1483 783 1552 videtum
815 1485 965 1563 excipiunt
993 1485 1072 1544 enim
1095 1501 1170 1561 quae
1193 1503 1282 1565 supra
1305 1485 1355 1546 de·

209 1587 384 1665 scripsimus
413 1586 465 1646 ‘et
480 1584 540 1646 illic
565 1586 649 1646 enixa
673 1592 718 1645 est
734 1583 866 1645 Silvium.
896 1584 949 1646 sed
972 1603 1038 1646 cum
1053 1587 1197 1648 Ascanius
1218 1586 1358 1664 llagraret

208 1687 327 1756 invidia,
344 1689 486 1764 evocavit
509 1705 668 1748 novercam
686 1693 716 1746 et
731 1687 758 1746 ei
773 1688 920 1748 concessit
934 1685 1183 1757 Laurolauinium,
1206 1689 1264 1750 sibi
1285 1675 1355 1752 vero

210 1789 314 1852 Albam
347 1791 502 1850 constituit
531 1787 579 1867 (cl.
603 1789 640 1848 11.
665 1788 786 1850 Catonis
811 1785 871 1869 13),
913 1790 1132 1869 quiquoniam
1161 1791 1224 1850 sine
1252 1789 1355 1851 liberis
1436 1784 1438 1791 ’

209 1893 306 1972 periit,
331 1891 437 1962 Silvio,
461 1892 515 1970 qui
538 1891 651 1970 etipse
674 1891 818 1951 Ascanius
841 1890 936 1952 dictus
959 1898 1017 1961 est,
1046 1910 1133 1953 suum
1155 1890 1277 1969 reliquit
1297 1894 1352 1952 im-

207 1997 419 2074 perium...
445 2039 452 2056 .
475 1999 579 2073 postea
607 1993 713 2056 Albani
748 2011 852 2055 omnes
884 2010 972 2071 reges
999 1991 1081 2054 Silvii
1113 1992 1188 2076 dieti
1215 2001 1284 2055 sunt
1315 1994 1351 2055 ah

207 2095 295 2158 huius
317 2097 468 2156 nomine’
1088 2163 1094 2172 ι

291 2198 442 2270 Quaesivit
479 2217 570 2277 porro
603 2197 640 2257 de
675 2198 790 2258 Potitiis
824 2203 854 2256 et
873 2252 875 2256 .
892 2197 1036 2268 Pinariis,
1071 2215 1183 2276 curque
1212 2197 1352 2260 Herculei

208 2302 284 2362 sacri
306 2307 405 2362 custos
427 2302 499 2361 Aen.
517 2295 659 2361 1111270
680 2298 870 2379 praedicetur
886 2298 1002 2359 Pinaria
1025 2298 1129 2360 domus
1151 2315 1267 2360 causam
1290 2319 1350 2360 non

207 2402 312 2463 saltem
340 2405 472 2482 ineptam
503 2403 679 2480 excogitavit
709 2400 885 2475 (Macrobius
908 2401 967 2462 Sat.
998 2397 1088 2470 1116,
1114 2398 1242 2462 130011.
1267 2400 1348 2462 Serv.

208 2503 243 2564 ad
259 2503 278 2563 Ι.
295 2503 335 2583 ll.
381 2505 423 2566 De
440 2507 505 2581 Gya
521 2503 588 2584 quid
606 2504 642 2564 ad
657 2505 729 2564 Aen.
747 2499 877 2569 1111460
898 2501 1090 2573 adnotaverit,
1114 2521 1150 2563 ex
1173 2501 1348 2567 schedarum
1424 2528 1429 2535 ·

210 2608 423 2668 Veronensium
445 2605 560 2667 laciniis
586 2607 651 2667 crui
672 2607 730 2666 iam
753 2623 813 2666 non
834 2613 941 2684 potest.

290 2707 494 2788 Geographiae
517 2707 636 2770 doctum
661 2705 801 2768 exhibent
823 2725 898 2786 quae
921 2705 958 2766 de
980 2705 1102 2768 Anienis
1123 2705 1205 2768 lluvii
1227 2709 1348 2769 nomine

206 2819 236 2872 et
257 2812 315 2873 situ
345 2829 401 2871 nec
427 2829 488 2871 non
516 2811 553 2871 de
576 2812 718 2871 Hernicis
743 2811 829 2870 saxis
857 2807 960 2887 (schol.
985 2809 1093 2870 Veron.
1116 2809 1188 2870 Aen.
1214 2808 1264 2870 Vll
1285 2807 1347 2872 683

204 2912 401 2994 supplendum
425 2931 461 2973 ex
483 2911 605 2992 Servio),
630 2913 667 2972 de
690 2913 849 2972 Camerina
872 2909 975 2992 (schol.
999 2912 1106 2972 Veron.
1130 2911 1201 2971 hen.
1224 2909 1345 2972 111701

205 3015 272 3076 coll.
297 3013 401 3095 Seru),
426 3014 463 3076 de
480 3017 575 3092 pictis
597 3009 724 3091 denique
742 3014 923 3089 Apotbyrsis
952 3011 1054 3091 (schol.
1078 3013 1184 3072 Veron.
1207 3014 1278 3073 Aen.
1295 3013 1346 3074 llll

207 3115 267 3179 146
290 3117 417 3179 et‘Serv.
442 3118 479 3180 cl.
503 3115 624 3176 eosdem
647 3115 684 3176 ad
706 3133 752 3193 ge.
769 3115 795 3176 ll
812 3110 882 3192 115)
906 3099 1056 3193 exposuit;
1081 3132 1207 3193 cumque
1230 3121 1345 3176 certum

204 3221 243 3281 sit
265 3239 334 3280 eum
356 3219 394 3280 de
416 3219 553 3279 Hernicis
583 3224 612 3278 et
633 3218 764 3296 Anagnia
791 3215 890 3276 locum
912 3218 984 3276 Aen.
1009 3214 1057 3275 Vll
1079 3211 1141 3276 683
1163 3221 1344 3276 commenta·

204 3330 267 3383 tum
290 3339 366 3391 csse,
390 3338 451 3380 non
473 3321 562 3381 nimis
583 3317 772 3399 inprobabilc
794 3316 920 3386 videtur,
945 3316 1174 3378 eruditissimam
1197 3316 1232 3378 de
1255 3317 1344 3379 nudis

203 3424 317 3485 laevum
340 3421 447 3502 pedem
470 3421 606 3483 Hernicis
631 3419 666 3500 (νζ
691 3417 762 3501 689)
787 3421 991 3500 quaestionem
1014 3417 1060 3479 vel
1081 3416 1265 3480 Macrobium
1281 3419 1341 3480 Sat.

203 3521 304 3596 v‘18,
330 3516 453 3586 13-21
483 3523 530 3584 161
552 3531 702 3586 auctorem
732 3525 796 3584 eius
818 3522 954 3582 Servium
986 3537 1022 3581 ex
1043 3521 1133 3600 Aspri
1159 3523 1342 3602 excerpsisse

203 3627 425 3688 commentario.

183 3719 186 3724 ’
285 3729 419 3807 Denique
432 3735 503 3808 quot
517 3727 621 3789 mundi
632 3727 777 3788 elementa
789 3727 940 3787 statuisset
952 3725 1098 3804 Vergilius
1111 3723 1226 3787 collatis
1238 3726 1341 3787 simili·

165 3851 166 3855 ¹
202 3829 258 3892 bus
279 3830 353 3892 loeis
376 3837 405 3892 et
420 3831 543 3892 Homeri
565 3831 740 3892 auctoritate
762 3829 885 3890 firmatis
907 3826 944 3888 ad
966 3817 1038 3890 Aen.
1061 3827 1099 3888 v1
1121 3823 1184 3890 724
1205 3831 1343 3908 exposuit

205 3933 330 4013 (Probus
359 3931 394 3994 ad
426 3931 480 3993 cel.
509 3931 546 3992 vt
567 3930 607 3994 31
635 3951 664 4012 p.
691 3926 739 4002 15,
765 3927 814 3992 18.
845 3926 893 3999 19,
922 3927 998 3991 911.
1028 3929 1094 3991 6611.
1119 3929 1229 4010 Sere),
1258 3933 1342 3992 cuius

202 4054 291 4096 sanae
313 4055 348 4098 ao
370 4033 495 4113 simplici
519 4036 683 4096 sententiae
699 4033 779 4111 quod
795 4033 922 4112 copiosa,
946 4033 999 4094 sed
1022 4051 1056 4094 ea
1078 4033 1168 4112 paulo
1190 4035 1341 4112 argutiorc

200 4137 400 4217 disputatione
413 4137 584 4198 adversatus
597 4145 642 4197 ost
654 4135 778 4206 Probus,
803 4136 906 4212 quanti
922 4135 1035 4196 laceret
1049 4137 1231 4214 interpretis,
1250 4151 1338 4212 quem

141 4289 147 4300 .
202 4241 266 4317 ipse
278 4241 414 4318 proxime
426 4238 605 4330 subsecutus
621 4247 674 4309 est,
687 4239 828 4299 iudicium
845 4246 875 4298 et
889 4237 1054 4298 doctrinam
1070 4237 1141 4298 satis
1153 4237 1337 4315 significavit.

285 4341 509 4412 ‘Quaestionum
530 4343 793 4416 Verpilianornm'
810 4341 975 4418 fragmenta
990 4339 1122 4400 Parisino
1138 4337 1174 4399 ah
1190 4337 1225 4398 H.
1242 4337 1337 4399 lleilia

202 4460 239 4502 ex
267 4441 370 4503 codice
397 4442 549 4504 saeculum
576 4449 693 4503 sextum
724 4448 884 4520 superante
919 4441 965 4518 (cf.
994 4442 1086 4520 prael.
1114 4458 1144 4519 p.
1172 4437 1231 4518 XV)
1261 4437 1338 4500 edita
