<?xml version="1.0" encoding="UTF-8"?>
<!DOCTYPE html PUBLIC "-//W3C//DTD XHTML 1.0 Transitional//EN"
    "http://www.w3.org/TR/xhtml1/DTD/xhtml1-transitional.dtd">
<html xmlns="http://www.w3.org/1999/xhtml" xml:lang="en" lang="en">
 <head>
  <title>
</title>
<meta http-equiv="Content-Type" content="text/html;charset=utf-8" />
  <meta name='ocr-system' content='tesseract 3.04.00' />
  <meta name='ocr-capabilities' content='ocr_page ocr_carea ocr_par ocr_line ocrx_word'/>
</head>
<body>
  <div class='ocr_page' id='page_1' title='image "./pvergilimaronis02ribbgoog/pvergilimaronis02ribbgoog_0300.png"; bbox 0 0 3230 5046; ppageno 0'>
   <div class='ocr_carea' id='block_1_1' title="bbox 600 397 845 440">
    <p class='ocr_par' dir='ltr' id='par_1_1' title="bbox 600 397 845 440">
     <span class='ocr_line' id='line_1_1' title="bbox 600 397 845 440; baseline 0 -2"><span class='ocrx_word' id='word_1_1' title='bbox 600 397 845 440; x_wconf 72' lang='lat' dir='ltr'><strong>PBOLEGOMENA.</strong></span> 
     </span>
    </p>
   </div>
   <div class='ocr_carea' id='block_1_2' title="bbox 146 563 1290 1050">
    <p class='ocr_par' dir='ltr' id='par_1_2' title="bbox 193 563 317 624">
     <span class='ocr_line' id='line_1_2' title="bbox 193 563 317 624; baseline 0 0"><span class='ocrx_word' id='word_1_2' title='bbox 193 563 317 624; x_wconf 78' lang='lat' dir='ltr'><strong>Goon</strong></span> 
     </span>
    </p>

    <p class='ocr_par' dir='ltr' id='par_1_3' title="bbox 146 665 1290 1050">
     <span class='ocr_line' id='line_1_3' title="bbox 194 665 419 724; baseline 0 0"><span class='ocrx_word' id='word_1_3' title='bbox 194 665 219 724; x_wconf 82' lang='lat' dir='ltr'><strong>&#39;l</strong></span> <span class='ocrx_word' id='word_1_4' title='bbox 251 700 263 711; x_wconf 94' lang='lat'>·</span> <span class='ocrx_word' id='word_1_5' title='bbox 291 666 314 724; x_wconf 90' lang='lat' dir='ltr'>V</span> <span class='ocrx_word' id='word_1_6' title='bbox 415 703 419 716; x_wconf 53' lang='grc' dir='ltr'><strong><em>ι</em></strong></span> 
     </span>
     <span class='ocr_line' id='line_1_4' title="bbox 147 767 1290 847; baseline 0.003 -21"><span class='ocrx_word' id='word_1_7' title='bbox 147 767 313 827; x_wconf 79' lang='lat' dir='ltr'><strong>similitudo</strong></span> <span class='ocrx_word' id='word_1_8' title='bbox 335 769 365 827; x_wconf 95' lang='lat' dir='ltr'><strong>in</strong></span> <span class='ocrx_word' id='word_1_9' title='bbox 388 767 549 846; x_wconf 85' lang='lat' dir='ltr'><strong>archetypo</strong></span> <span class='ocrx_word' id='word_1_10' title='bbox 574 787 638 828; x_wconf 86' lang='lat' dir='ltr'><strong>esse</strong></span> <span class='ocrx_word' id='word_1_11' title='bbox 660 770 805 846; x_wconf 87' lang='lat' dir='ltr'><strong>potuerit,</strong></span> <span class='ocrx_word' id='word_1_12' title='bbox 829 785 1007 847; x_wconf 88' lang='lat' dir='ltr'><strong>quamquam</strong></span> <span class='ocrx_word' id='word_1_13' title='bbox 1029 769 1101 844; x_wconf 86' lang='lat' dir='ltr'><strong>quin</strong></span> <span class='ocrx_word' id='word_1_14' title='bbox 1124 768 1214 827; x_wconf 85' lang='lat' dir='ltr'><strong>luerit</strong></span> <span class='ocrx_word' id='word_1_15' title='bbox 1236 767 1290 830; x_wconf 95' lang='lat' dir='ltr'><strong>du·</strong></span> 
     </span>
     <span class='ocr_line' id='line_1_5' title="bbox 146 867 1289 949; baseline 0.001 -21"><span class='ocrx_word' id='word_1_16' title='bbox 146 868 230 928; x_wconf 92' lang='lat' dir='ltr'><strong>bium</strong></span> <span class='ocrx_word' id='word_1_17' title='bbox 253 870 374 930; x_wconf 88' lang='lat' dir='ltr'><strong>minime</strong></span> <span class='ocrx_word' id='word_1_18' title='bbox 397 877 450 929; x_wconf 86' lang='lat' dir='ltr'><strong>est.</strong></span> <span class='ocrx_word' id='word_1_19' title='bbox 474 868 558 929; x_wconf 72' lang='lat' dir='ltr'><strong>nna</strong></span> <span class='ocrx_word' id='word_1_20' title='bbox 581 869 649 929; x_wconf 92' lang='lat' dir='ltr'><strong>inde</strong></span> <span class='ocrx_word' id='word_1_21' title='bbox 672 879 736 930; x_wconf 84' lang='lat' dir='ltr'><strong>orta</strong></span> <span class='ocrx_word' id='word_1_22' title='bbox 752 877 830 938; x_wconf 90' lang='lat' dir='ltr'><strong>sunt,</strong></span> <span class='ocrx_word' id='word_1_23' title='bbox 854 869 931 948; x_wconf 90' lang='lat' dir='ltr'><strong>quod</strong></span> <span class='ocrx_word' id='word_1_24' title='bbox 947 867 1109 949; x_wconf 76' lang='lat' dir='ltr'><strong>particulae</strong></span> <span class='ocrx_word' id='word_1_25' title='bbox 1125 868 1289 930; x_wconf 82' lang='lat' dir='ltr'><strong>litterarum</strong></span> 
     </span>
     <span class='ocr_line' id='line_1_6' title="bbox 146 969 918 1050; baseline 0.001 -21"><span class='ocrx_word' id='word_1_26' title='bbox 146 972 180 1030; x_wconf 93' lang='lat' dir='ltr'><strong>in</strong></span> <span class='ocrx_word' id='word_1_27' title='bbox 202 971 362 1050; x_wconf 77' lang='lat' dir='ltr'><strong>archetypo</strong></span> <span class='ocrx_word' id='word_1_28' title='bbox 386 987 455 1031; x_wconf 87' lang='lat' dir='ltr'><strong>casu</strong></span> <span class='ocrx_word' id='word_1_29' title='bbox 478 969 580 1031; x_wconf 92' lang='lat' dir='ltr'><strong>oculos</strong></span> <span class='ocrx_word' id='word_1_30' title='bbox 601 969 715 1032; x_wconf 89' lang='lat' dir='ltr'><strong>librarii</strong></span> <span class='ocrx_word' id='word_1_31' title='bbox 738 971 918 1048; x_wconf 79' lang='lat' dir='ltr'><strong>effugerant:</strong></span> 
     </span>
    </p>
   </div>
   <div class='ocr_carea' id='block_1_3' title="bbox 214 1071 475 1233">
    <p class='ocr_par' dir='ltr' id='par_1_4' title="bbox 214 1071 475 1233">
     <span class='ocr_line' id='line_1_7' title="bbox 214 1071 475 1134; baseline 0.008 -4"><span class='ocrx_word' id='word_1_32' title='bbox 214 1071 280 1132; x_wconf 88' lang='lat' dir='ltr'><strong>dieo</strong></span> <span class='ocrx_word' id='word_1_33' title='bbox 302 1075 323 1134; x_wconf 83' lang='grc' dir='ltr'>Α</span> <span class='ocrx_word' id='word_1_34' title='bbox 347 1073 440 1133; x_wconf 88' lang='lat' dir='ltr'><strong>visam</strong></span> <span class='ocrx_word' id='word_1_35' title='bbox 462 1072 475 1132; x_wconf 95' lang='grc' dir='ltr'>Ι</span> 
     </span>
     <span class='ocr_line' id='line_1_8' title="bbox 301 1173 398 1233; baseline 0 -14"><span class='ocrx_word' id='word_1_36' title='bbox 301 1173 325 1233; x_wconf 81' lang='grc' dir='ltr'>Β</span> <span class='ocrx_word' id='word_1_37' title='bbox 385 1208 398 1219; x_wconf 95' lang='grc'>.</span> 
     </span>
    </p>
   </div>
   <div class='ocr_carea' id='block_1_4' title="bbox 299 1479 393 1538">
    <p class='ocr_par' dir='ltr' id='par_1_5' title="bbox 299 1479 393 1538">
     <span class='ocr_line' id='line_1_9' title="bbox 299 1479 393 1538; baseline 0 -15"><span class='ocrx_word' id='word_1_38' title='bbox 299 1479 323 1538; x_wconf 79' lang='lat' dir='ltr'><strong>p</strong></span> <span class='ocrx_word' id='word_1_39' title='bbox 382 1512 393 1523; x_wconf 95' lang='lat'><em>.</em></span> 
     </span>
    </p>
   </div>
   <div class='ocr_carea' id='block_1_5' title="bbox 491 1783 503 1838">
    <p class='ocr_par' dir='ltr' id='par_1_6' title="bbox 491 1783 503 1838">
     <span class='ocr_line' id='line_1_10' title="bbox 491 1783 503 1838; textangle 90"><span class='ocrx_word' id='word_1_40' title='bbox 491 1783 503 1838; x_wconf 54' lang='lat' dir='ltr'><strong>-Q</strong></span> 
     </span>
    </p>
   </div>
   <div class='ocr_carea' id='block_1_6' title="bbox 299 1275 351 2148">
    <p class='ocr_par' dir='ltr' id='par_1_7' title="bbox 299 1275 351 2148">
     <span class='ocr_line' id='line_1_11' title="bbox 300 1275 324 1336; baseline 0 0"><span class='ocrx_word' id='word_1_41' title='bbox 300 1275 324 1336; x_wconf 88' lang='lat' dir='ltr'>D</span> 
     </span>
     <span class='ocr_line' id='line_1_12' title="bbox 299 1985 325 2046; baseline 0 0"><span class='ocrx_word' id='word_1_42' title='bbox 299 1985 325 2046; x_wconf 92' lang='lat' dir='ltr'><strong>N</strong></span> 
     </span>
     <span class='ocr_line' id='line_1_13' title="bbox 300 2087 351 2148; baseline -0.02 0"><span class='ocrx_word' id='word_1_43' title='bbox 300 2087 351 2148; x_wconf 88' lang='lat' dir='ltr'><strong>NT</strong></span> 
     </span>
    </p>
   </div>
   <div class='ocr_carea' id='block_1_7' title="bbox 300 1174 485 2350">
    <p class='ocr_par' dir='ltr' id='par_1_8' title="bbox 301 1174 484 1438">
     <span class='ocr_line' id='line_1_14' title="bbox 463 1174 484 1234; baseline 0 0"><span class='ocrx_word' id='word_1_44' title='bbox 463 1174 484 1234; x_wconf 87' lang='lat' dir='ltr'><strong>s</strong></span> 
     </span>
     <span class='ocr_line' id='line_1_15' title="bbox 381 1275 482 1336; baseline 0 0"><span class='ocrx_word' id='word_1_45' title='bbox 381 1275 482 1336; x_wconf 84' lang='lat' dir='ltr'><strong>-c</strong></span> 
     </span>
     <span class='ocr_line' id='line_1_16' title="bbox 301 1377 473 1438; baseline -0.012 0"><span class='ocrx_word' id='word_1_46' title='bbox 301 1377 473 1438; x_wconf 87' lang='lat' dir='ltr'><strong>nr</strong></span> 
     </span>
    </p>

    <p class='ocr_par' dir='ltr' id='par_1_9' title="bbox 300 1478 485 2350">
     <span class='ocr_line' id='line_1_17' title="bbox 459 1478 480 1537; baseline 0 0"><span class='ocrx_word' id='word_1_47' title='bbox 459 1478 480 1537; x_wconf 93' lang='lat' dir='ltr'><strong>s</strong></span> 
     </span>
     <span class='ocr_line' id='line_1_18' title="bbox 300 1579 483 1640; baseline 0.005 -1"><span class='ocrx_word' id='word_1_48' title='bbox 300 1579 483 1640; x_wconf 86' lang='lat' dir='ltr'><strong>u-o</strong></span> 
     </span>
     <span class='ocr_line' id='line_1_19' title="bbox 301 1681 483 1741; baseline -0.011 0"><span class='ocrx_word' id='word_1_49' title='bbox 301 1681 483 1741; x_wconf 68' lang='lat' dir='ltr'><strong>ror-l</strong></span> 
     </span>
     <span class='ocr_line' id='line_1_20' title="bbox 300 1781 483 1841; baseline 0 0"><span class='ocrx_word' id='word_1_50' title='bbox 300 1781 483 1841; x_wconf 88' lang='lat' dir='ltr'><strong>u-u</strong></span> 
     </span>
     <span class='ocr_line' id='line_1_21' title="bbox 301 1883 484 1944; baseline -0.011 0"><span class='ocrx_word' id='word_1_51' title='bbox 301 1883 484 1944; x_wconf 74' lang='lat' dir='ltr'><strong>n-&#39;r</strong></span> 
     </span>
     <span class='ocr_line' id='line_1_22' title="bbox 383 1986 483 2044; baseline 0 0"><span class='ocrx_word' id='word_1_52' title='bbox 383 1986 483 2044; x_wconf 90' lang='lat' dir='ltr'><strong>-v</strong></span> 
     </span>
     <span class='ocr_line' id='line_1_23' title="bbox 367 2087 485 2164; baseline 0 0"><span class='ocrx_word' id='word_1_53' title='bbox 367 2118 396 2164; x_wconf 61' lang='lat' dir='ltr'><strong>e</strong></span> <span class='ocrx_word' id='word_1_54' title='bbox 461 2087 485 2146; x_wconf 87' lang='lat' dir='ltr'>V</span> 
     </span>
     <span class='ocr_line' id='line_1_24' title="bbox 302 2187 472 2249; baseline -0.018 0"><span class='ocrx_word' id='word_1_55' title='bbox 302 2187 472 2249; x_wconf 83' lang='lat' dir='ltr'><strong>r-1</strong></span> 
     </span>
     <span class='ocr_line' id='line_1_25' title="bbox 302 2287 484 2350; baseline -0.011 0"><span class='ocrx_word' id='word_1_56' title='bbox 302 2287 484 2350; x_wconf 86' lang='lat' dir='ltr'><strong>u·-s</strong></span> 
     </span>
    </p>
   </div>
   <div class='ocr_carea' id='block_1_8' title="bbox 148 2392 1293 4601">
    <p class='ocr_par' dir='ltr' id='par_1_10' title="bbox 300 2392 483 2452">
     <span class='ocr_line' id='line_1_26' title="bbox 300 2392 483 2452; baseline -0.005 0"><span class='ocrx_word' id='word_1_57' title='bbox 300 2392 325 2452; x_wconf 83' lang='lat' dir='ltr'><strong>ll</strong></span> <span class='ocrx_word' id='word_1_58' title='bbox 383 2426 394 2436; x_wconf 97' lang='lat'>-</span> <span class='ocrx_word' id='word_1_59' title='bbox 459 2393 483 2451; x_wconf 90' lang='lat' dir='ltr'>V</span> 
     </span>
    </p>

    <p class='ocr_par' dir='ltr' id='par_1_11' title="bbox 148 2492 1286 2676">
     <span class='ocr_line' id='line_1_27' title="bbox 148 2492 1286 2575; baseline 0 -19"><span class='ocrx_word' id='word_1_60' title='bbox 148 2496 283 2575; x_wconf 86' lang='lat' dir='ltr'><strong>Denique</strong></span> <span class='ocrx_word' id='word_1_61' title='bbox 305 2494 342 2556; x_wconf 87' lang='lat' dir='ltr'><strong>ad</strong></span> <span class='ocrx_word' id='word_1_62' title='bbox 365 2493 539 2573; x_wconf 88' lang='lat' dir='ltr'><strong>compendia</strong></span> <span class='ocrx_word' id='word_1_63' title='bbox 563 2493 728 2570; x_wconf 75' lang='lat' dir='ltr'><strong>scripturae</strong></span> <span class='ocrx_word' id='word_1_64' title='bbox 751 2492 894 2572; x_wconf 87' lang='lat' dir='ltr'><strong>quaedam</strong></span> <span class='ocrx_word' id='word_1_65' title='bbox 916 2495 1015 2572; x_wconf 87' lang='lat' dir='ltr'><strong>putavi</strong></span> <span class='ocrx_word' id='word_1_66' title='bbox 1031 2494 1195 2555; x_wconf 90' lang='lat' dir='ltr'><strong>revocanda</strong></span> <span class='ocrx_word' id='word_1_67' title='bbox 1211 2514 1286 2564; x_wconf 87' lang='lat' dir='ltr'><strong>esse,</strong></span> 
     </span>
     <span class='ocr_line' id='line_1_28' title="bbox 149 2597 749 2676; baseline -0.007 -17"><span class='ocrx_word' id='word_1_68' title='bbox 149 2601 276 2659; x_wconf 84' lang='lat' dir='ltr'><strong>maxime</strong></span> <span class='ocrx_word' id='word_1_69' title='bbox 299 2597 378 2676; x_wconf 91' lang='lat' dir='ltr'><strong>quod</strong></span> <span class='ocrx_word' id='word_1_70' title='bbox 401 2597 541 2657; x_wconf 82' lang='lat' dir='ltr'><strong>confusae</strong></span> <span class='ocrx_word' id='word_1_71' title='bbox 564 2603 633 2656; x_wconf 85' lang='lat' dir='ltr'><strong>sunt</strong></span> <span class='ocrx_word' id='word_1_72' title='bbox 746 2663 749 2669; x_wconf 48' lang='grc'>,</span> 
     </span>
    </p>

    <p class='ocr_par' dir='ltr' id='par_1_12' title="bbox 196 2697 427 2776">
     <span class='ocr_line' id='line_1_29' title="bbox 196 2697 427 2776; baseline -0.009 -16"><span class='ocrx_word' id='word_1_73' title='bbox 196 2759 203 2776; x_wconf 68' lang='grc'><strong>,</strong></span> <span class='ocrx_word' id='word_1_74' title='bbox 303 2697 427 2759; x_wconf 77' lang='lat' dir='ltr'><strong>Meos</strong></span> 
     </span>
    </p>

    <p class='ocr_par' dir='ltr' id='par_1_13' title="bbox 149 2799 1293 4209">
     <span class='ocr_line' id='line_1_30' title="bbox 302 2799 438 2861; baseline -0.007 0"><span class='ocrx_word' id='word_1_75' title='bbox 302 2801 327 2861; x_wconf 90' lang='lat' dir='ltr'><strong>N</strong></span> <span class='ocrx_word' id='word_1_76' title='bbox 360 2834 371 2846; x_wconf 96' lang='lat'>-</span> <span class='ocrx_word' id='word_1_77' title='bbox 409 2799 438 2860; x_wconf 88' lang='lat' dir='ltr'><strong>S.</strong></span> 
     </span>
     <span class='ocr_line' id='line_1_31' title="bbox 149 2902 1289 2981; baseline -0.001 -17"><span class='ocrx_word' id='word_1_78' title='bbox 149 2904 223 2964; x_wconf 90' lang='lat' dir='ltr'><strong>Nam</strong></span> <span class='ocrx_word' id='word_1_79' title='bbox 245 2904 270 2964; x_wconf 92' lang='lat' dir='ltr'><strong>N</strong></span> <span class='ocrx_word' id='word_1_80' title='bbox 293 2910 363 2965; x_wconf 90' lang='lat' dir='ltr'><strong>nota</strong></span> <span class='ocrx_word' id='word_1_81' title='bbox 386 2920 544 2981; x_wconf 83' lang='lat' dir='ltr'><strong>expressae</strong></span> <span class='ocrx_word' id='word_1_82' title='bbox 565 2903 622 2962; x_wconf 87' lang='lat' dir='ltr'><strong>iam</strong></span> <span class='ocrx_word' id='word_1_83' title='bbox 646 2919 736 2980; x_wconf 90' lang='lat' dir='ltr'><strong>supra</strong></span> <span class='ocrx_word' id='word_1_84' title='bbox 762 2902 887 2964; x_wconf 91' lang='lat' dir='ltr'><strong>iudicavi</strong></span> <span class='ocrx_word' id='word_1_85' title='bbox 917 2903 1068 2980; x_wconf 84' lang='lat' dir='ltr'><strong>exempla,</strong></span> <span class='ocrx_word' id='word_1_86' title='bbox 1103 2912 1132 2963; x_wconf 90' lang='lat' dir='ltr'><strong>et</strong></span> <span class='ocrx_word' id='word_1_87' title='bbox 1159 2903 1289 2964; x_wconf 85' lang='lat' dir='ltr'><strong>indidem</strong></span> 
     </span>
     <span class='ocr_line' id='line_1_32' title="bbox 149 3005 292 3086; baseline -0.007 -19"><span class='ocrx_word' id='word_1_88' title='bbox 149 3005 292 3086; x_wconf 87' lang='lat' dir='ltr'><strong>estquod</strong></span> 
     </span>
     <span class='ocr_line' id='line_1_33' title="bbox 451 3106 687 3187; baseline -0.013 -19"><span class='ocrx_word' id='word_1_89' title='bbox 451 3107 498 3168; x_wconf 92' lang='lat' dir='ltr'><strong>NS</strong></span> <span class='ocrx_word' id='word_1_90' title='bbox 520 3106 623 3187; x_wconf 90' lang='lat' dir='ltr'><strong>proR</strong></span> <span class='ocrx_word' id='word_1_91' title='bbox 685 3117 687 3123; x_wconf 83' lang='grc'><em>’</em></span> 
     </span>
     <span class='ocr_line' id='line_1_34' title="bbox 408 3197 782 3285; baseline -0.024 -14"><span class='ocrx_word' id='word_1_92' title='bbox 408 3257 411 3260; x_wconf 90' lang='grc'>-</span> <span class='ocrx_word' id='word_1_93' title='bbox 454 3211 514 3280; x_wconf 85' lang='lat' dir='ltr'><strong>NT,</strong></span> <span class='ocrx_word' id='word_1_94' title='bbox 538 3213 557 3270; x_wconf 89' lang='lat' dir='ltr'><strong>i.</strong></span> <span class='ocrx_word' id='word_1_95' title='bbox 582 3197 782 3285; x_wconf 83' lang='lat' dir='ltr'><strong>eNproV</strong></span> 
     </span>
     <span class='ocr_line' id='line_1_35' title="bbox 152 3308 1291 3392; baseline -0.003 -17"><span class='ocrx_word' id='word_1_96' title='bbox 152 3315 270 3376; x_wconf 81' lang='lat' dir='ltr'><strong>habilae</strong></span> <span class='ocrx_word' id='word_1_97' title='bbox 293 3323 378 3384; x_wconf 89' lang='lat' dir='ltr'><strong>sunt,</strong></span> <span class='ocrx_word' id='word_1_98' title='bbox 407 3331 535 3392; x_wconf 90' lang='lat' dir='ltr'><strong>cumque</strong></span> <span class='ocrx_word' id='word_1_99' title='bbox 557 3313 583 3373; x_wconf 88' lang='lat' dir='ltr'>R</span> <span class='ocrx_word' id='word_1_100' title='bbox 606 3319 636 3373; x_wconf 87' lang='lat' dir='ltr'><strong>et</strong></span> <span class='ocrx_word' id='word_1_101' title='bbox 657 3313 682 3373; x_wconf 91' lang='lat' dir='ltr'>N</span> <span class='ocrx_word' id='word_1_102' title='bbox 705 3308 831 3374; x_wconf 85' lang='lat' dir='ltr'><strong>similes,</strong></span> <span class='ocrx_word' id='word_1_103' title='bbox 861 3311 973 3372; x_wconf 83' lang='lat' dir='ltr'><strong>similes</strong></span> <span class='ocrx_word' id='word_1_104' title='bbox 1000 3319 1098 3372; x_wconf 85' lang='lat' dir='ltr'><strong>autem</strong></span> <span class='ocrx_word' id='word_1_105' title='bbox 1126 3313 1291 3374; x_wconf 86' lang='lat' dir='ltr'><strong>litterarum</strong></span> 
     </span>
     <span class='ocr_line' id='line_1_36' title="bbox 153 3413 1292 3494; baseline -0.002 -16"><span class='ocrx_word' id='word_1_106' title='bbox 153 3419 180 3478; x_wconf 91' lang='lat' dir='ltr'><strong>M</strong></span> <span class='ocrx_word' id='word_1_107' title='bbox 205 3426 235 3478; x_wconf 89' lang='lat' dir='ltr'><strong>et</strong></span> <span class='ocrx_word' id='word_1_108' title='bbox 257 3418 282 3478; x_wconf 92' lang='lat' dir='ltr'><strong>N</strong></span> <span class='ocrx_word' id='word_1_109' title='bbox 305 3423 393 3476; x_wconf 85' lang='lat' dir='ltr'><strong>notae</strong></span> <span class='ocrx_word' id='word_1_110' title='bbox 416 3418 540 3483; x_wconf 88' lang='lat' dir='ltr'><strong>luerint.</strong></span> <span class='ocrx_word' id='word_1_111' title='bbox 563 3417 672 3477; x_wconf 85' lang='lat' dir='ltr'><strong>lactum</strong></span> <span class='ocrx_word' id='word_1_112' title='bbox 697 3432 762 3474; x_wconf 89' lang='lat' dir='ltr'><strong>esse</strong></span> <span class='ocrx_word' id='word_1_113' title='bbox 785 3422 856 3491; x_wconf 91' lang='lat' dir='ltr'><strong>puto</strong></span> <span class='ocrx_word' id='word_1_114' title='bbox 878 3423 911 3475; x_wconf 90' lang='lat' dir='ltr'><strong>ut</strong></span> <span class='ocrx_word' id='word_1_115' title='bbox 932 3413 958 3474; x_wconf 89' lang='lat' dir='ltr'>R</span> <span class='ocrx_word' id='word_1_116' title='bbox 981 3423 1010 3474; x_wconf 86' lang='lat' dir='ltr'><strong>et</strong></span> <span class='ocrx_word' id='word_1_117' title='bbox 1031 3413 1059 3473; x_wconf 90' lang='grc' dir='ltr'><strong>Μ</strong></span> <span class='ocrx_word' id='word_1_118' title='bbox 1082 3433 1199 3494; x_wconf 88' lang='lat' dir='ltr'><strong>quoque</strong></span> <span class='ocrx_word' id='word_1_119' title='bbox 1222 3434 1292 3476; x_wconf 83' lang='lat' dir='ltr'><strong>oon-</strong></span> 
     </span>
     <span class='ocr_line' id='line_1_37' title="bbox 154 3515 1292 3598; baseline -0.004 -17"><span class='ocrx_word' id='word_1_120' title='bbox 154 3519 364 3583; x_wconf 84' lang='lat' dir='ltr'><strong>lunderentur.</strong></span> <span class='ocrx_word' id='word_1_121' title='bbox 413 3519 516 3598; x_wconf 88' lang='lat' dir='ltr'><strong>Neque</strong></span> <span class='ocrx_word' id='word_1_122' title='bbox 545 3519 683 3586; x_wconf 87' lang='lat' dir='ltr'><strong>enimin</strong></span> <span class='ocrx_word' id='word_1_123' title='bbox 708 3516 837 3596; x_wconf 89' lang='lat' dir='ltr'><strong>publicis</strong></span> <span class='ocrx_word' id='word_1_124' title='bbox 866 3524 977 3577; x_wconf 83' lang='lat' dir='ltr'><strong>tantum</strong></span> <span class='ocrx_word' id='word_1_125' title='bbox 1002 3515 1186 3577; x_wconf 84' lang='lat' dir='ltr'><strong>documentis</strong></span> <span class='ocrx_word' id='word_1_126' title='bbox 1209 3525 1238 3578; x_wconf 89' lang='lat' dir='ltr'><strong>et</strong></span> <span class='ocrx_word' id='word_1_127' title='bbox 1263 3519 1292 3577; x_wconf 91' lang='lat' dir='ltr'><strong>ln</strong></span> 
     </span>
     <span class='ocr_line' id='line_1_38' title="bbox 153 3619 1293 3698; baseline 0 -18"><span class='ocrx_word' id='word_1_128' title='bbox 153 3621 294 3690; x_wconf 82' lang='lat' dir='ltr'><strong>lotorum,</strong></span> <span class='ocrx_word' id='word_1_129' title='bbox 325 3619 377 3682; x_wconf 92' lang='lat' dir='ltr'><strong>sed</strong></span> <span class='ocrx_word' id='word_1_130' title='bbox 404 3622 435 3680; x_wconf 92' lang='lat' dir='ltr'><strong>in</strong></span> <span class='ocrx_word' id='word_1_131' title='bbox 458 3621 584 3682; x_wconf 86' lang='lat' dir='ltr'><strong>cuiusvis</strong></span> <span class='ocrx_word' id='word_1_132' title='bbox 612 3621 731 3697; x_wconf 86' lang='lat' dir='ltr'><strong>generis</strong></span> <span class='ocrx_word' id='word_1_133' title='bbox 754 3619 872 3698; x_wconf 82' lang='lat' dir='ltr'><strong>scriptis</strong></span> <span class='ocrx_word' id='word_1_134' title='bbox 894 3627 1030 3679; x_wconf 82' lang='lat' dir='ltr'><strong>nolarum</strong></span> <span class='ocrx_word' id='word_1_135' title='bbox 1051 3638 1122 3680; x_wconf 89' lang='lat' dir='ltr'><strong>usus</strong></span> <span class='ocrx_word' id='word_1_136' title='bbox 1144 3620 1293 3698; x_wconf 84' lang='lat' dir='ltr'><strong>frequens,</strong></span> 
     </span>
     <span class='ocr_line' id='line_1_39' title="bbox 157 3720 1293 3802; baseline -0.001 -19"><span class='ocrx_word' id='word_1_137' title='bbox 157 3732 185 3783; x_wconf 85' lang='lat' dir='ltr'><strong>et</strong></span> <span class='ocrx_word' id='word_1_138' title='bbox 208 3741 451 3802; x_wconf 88' lang='lat' dir='ltr'><strong>unumquemque</strong></span> <span class='ocrx_word' id='word_1_139' title='bbox 474 3720 652 3783; x_wconf 73' lang='lat' dir='ltr'><strong>‘familiares</strong></span> <span class='ocrx_word' id='word_1_140' title='bbox 674 3721 732 3782; x_wconf 88' lang='lat' dir='ltr'><strong>sibi</strong></span> <span class='ocrx_word' id='word_1_141' title='bbox 754 3730 840 3782; x_wconf 88' lang='lat' dir='ltr'><strong>notas</strong></span> <span class='ocrx_word' id='word_1_142' title='bbox 861 3741 916 3800; x_wconf 94' lang='lat' dir='ltr'><strong>pro</strong></span> <span class='ocrx_word' id='word_1_143' title='bbox 938 3721 1087 3782; x_wconf 86' lang='lat' dir='ltr'><strong>voluntate</strong></span> <span class='ocrx_word' id='word_1_144' title='bbox 1116 3723 1293 3800; x_wconf 83' lang='lat' dir='ltr'><strong>signavisse’</strong></span> 
     </span>
     <span class='ocr_line' id='line_1_40' title="bbox 155 3823 1293 3906; baseline 0 -22"><span class='ocrx_word' id='word_1_145' title='bbox 155 3845 223 3886; x_wconf 91' lang='lat' dir='ltr'><strong>cum</strong></span> <span class='ocrx_word' id='word_1_146' title='bbox 244 3833 370 3886; x_wconf 86' lang='lat' dir='ltr'><strong>testatur</strong></span> <span class='ocrx_word' id='word_1_147' title='bbox 393 3825 444 3900; x_wconf 94' lang='lat' dir='ltr'><strong>qui</strong></span> <span class='ocrx_word' id='word_1_148' title='bbox 466 3823 502 3883; x_wconf 92' lang='lat' dir='ltr'><strong>de</strong></span> <span class='ocrx_word' id='word_1_149' title='bbox 524 3823 581 3883; x_wconf 89' lang='lat' dir='ltr'><strong>hoo</strong></span> <span class='ocrx_word' id='word_1_150' title='bbox 603 3823 769 3885; x_wconf 82' lang='lat' dir='ltr'><strong>litterarum</strong></span> <span class='ocrx_word' id='word_1_151' title='bbox 790 3843 899 3902; x_wconf 86' lang='lat' dir='ltr'><strong>genere</strong></span> <span class='ocrx_word' id='word_1_152' title='bbox 915 3825 1159 3886; x_wconf 82' lang='lat' dir='ltr'><strong>commentarium</strong></span> <span class='ocrx_word' id='word_1_153' title='bbox 1176 3827 1293 3906; x_wconf 90' lang='lat' dir='ltr'><strong>scripsit</strong></span> 
     </span>
     <span class='ocr_line' id='line_1_41' title="bbox 152 3922 1292 4014; baseline -0.001 -27"><span class='ocrx_word' id='word_1_154' title='bbox 152 3927 284 3988; x_wconf 86' lang='lat' dir='ltr'><strong>Valerius</strong></span> <span class='ocrx_word' id='word_1_155' title='bbox 307 3925 434 4014; x_wconf 76' lang='lat' dir='ltr'><strong>Probus¹</strong></span> <span class='ocrx_word' id='word_1_156' title='bbox 448 3927 485 4004; x_wconf 79' lang='lat' dir='ltr'><strong>(p.</strong></span> <span class='ocrx_word' id='word_1_157' title='bbox 508 3922 568 3986; x_wconf 79' lang='lat'><strong>271</strong></span> <span class='ocrx_word' id='word_1_158' title='bbox 593 3924 642 4004; x_wconf 87' lang='grc' dir='ltr'><strong>Μ.)</strong></span> <span class='ocrx_word' id='word_1_159' title='bbox 666 3935 729 3986; x_wconf 86' lang='lat' dir='ltr'><strong>tum</strong></span> <span class='ocrx_word' id='word_1_160' title='bbox 752 3927 886 3988; x_wconf 88' lang='lat' dir='ltr'><strong>Caesaris</strong></span> <span class='ocrx_word' id='word_1_161' title='bbox 909 3927 1059 3988; x_wconf 86' lang='lat' dir='ltr'><strong>Ciceronis</strong></span> <span class='ocrx_word' id='word_1_162' title='bbox 1080 3927 1201 4004; x_wconf 81' lang='lat' dir='ltr'><strong>Augusti</strong></span> <span class='ocrx_word' id='word_1_163' title='bbox 1215 3927 1292 3988; x_wconf 87' lang='lat' dir='ltr'><strong>Mae-</strong></span> 
     </span>
     <span class='ocr_line' id='line_1_42' title="bbox 151 4028 574 4089; baseline 0 -1"><span class='ocrx_word' id='word_1_164' title='bbox 151 4031 262 4089; x_wconf 87' lang='lat' dir='ltr'><strong>cenatis</strong></span> <span class='ocrx_word' id='word_1_165' title='bbox 284 4030 446 4089; x_wconf 83' lang='lat' dir='ltr'><strong>auotoritas</strong></span> <span class='ocrx_word' id='word_1_166' title='bbox 467 4028 574 4088; x_wconf 82' lang='lat' dir='ltr'><strong>firmat.</strong></span> 
     </span>
     <span class='ocr_line' id='line_1_43' title="bbox 233 4128 1292 4209; baseline -0.001 -19"><span class='ocrx_word' id='word_1_167' title='bbox 233 4131 327 4209; x_wconf 77' lang='lat' dir='ltr'><strong>Atque</strong></span> <span class='ocrx_word' id='word_1_168' title='bbox 350 4147 386 4190; x_wconf 82' lang='lat' dir='ltr'><strong>ex</strong></span> <span class='ocrx_word' id='word_1_169' title='bbox 408 4131 480 4208; x_wconf 89' lang='lat' dir='ltr'><strong>ipsis</strong></span> <span class='ocrx_word' id='word_1_170' title='bbox 502 4131 612 4191; x_wconf 80' lang='lat' dir='ltr'><strong>nostris</strong></span> <span class='ocrx_word' id='word_1_171' title='bbox 634 4128 718 4189; x_wconf 87' lang='lat' dir='ltr'><strong>libris</strong></span> <span class='ocrx_word' id='word_1_172' title='bbox 733 4131 947 4191; x_wconf 77' lang='lat' dir='ltr'><strong>uetustissimis</strong></span> <span class='ocrx_word' id='word_1_173' title='bbox 975 4129 1148 4209; x_wconf 87' lang='lat' dir='ltr'><strong>compendia</strong></span> <span class='ocrx_word' id='word_1_174' title='bbox 1178 4130 1292 4190; x_wconf 86' lang='lat' dir='ltr'><strong>enotavi</strong></span> 
     </span>
    </p>

    <p class='ocr_par' dir='ltr' id='par_1_14' title="bbox 149 4233 236 4294">
     <span class='ocr_line' id='line_1_44' title="bbox 149 4233 236 4294; baseline -0.023 -2"><span class='ocrx_word' id='word_1_175' title='bbox 149 4233 236 4294; x_wconf 82' lang='lat' dir='ltr'><strong>llaec:</strong></span> 
     </span>
    </p>

    <p class='ocr_par' dir='ltr' id='par_1_15' title="bbox 189 4329 1289 4412">
     <span class='ocr_line' id='line_1_45' title="bbox 189 4329 1289 4412; baseline -0.003 -18"><span class='ocrx_word' id='word_1_176' title='bbox 189 4337 219 4394; x_wconf 92' lang='lat' dir='ltr'><strong>in</strong></span> <span class='ocrx_word' id='word_1_177' title='bbox 243 4334 323 4394; x_wconf 87' lang='lat' dir='ltr'><strong>exitu</strong></span> <span class='ocrx_word' id='word_1_178' title='bbox 347 4353 483 4396; x_wconf 90' lang='lat' dir='ltr'><strong>versuum</strong></span> <span class='ocrx_word' id='word_1_179' title='bbox 505 4371 547 4393; x_wconf 84' lang='lat'><strong>-.-</strong></span> <span class='ocrx_word' id='word_1_180' title='bbox 589 4360 632 4390; x_wconf 88' lang='lat'>=</span> <span class='ocrx_word' id='word_1_181' title='bbox 654 4333 698 4403; x_wconf 90' lang='grc' dir='ltr'><strong>Μ,</strong></span> <span class='ocrx_word' id='word_1_182' title='bbox 734 4355 758 4394; x_wconf 87' lang='lat' dir='ltr'><strong>e.</strong></span> <span class='ocrx_word' id='word_1_183' title='bbox 782 4352 810 4411; x_wconf 85' lang='lat' dir='ltr'><strong>g.</strong></span> <span class='ocrx_word' id='word_1_184' title='bbox 842 4335 873 4394; x_wconf 93' lang='lat' dir='ltr'><strong>in</strong></span> <span class='ocrx_word' id='word_1_185' title='bbox 895 4335 938 4393; x_wconf 72' lang='lat' dir='ltr'><strong>A:</strong></span> <span class='ocrx_word' id='word_1_186' title='bbox 970 4334 1110 4396; x_wconf 75' lang='grc' dir='ltr'><strong>ΜΟΒΕΤ</strong></span> <span class='ocrx_word' id='word_1_187' title='bbox 1144 4353 1189 4412; x_wconf 86' lang='lat' dir='ltr'><strong>ge.</strong></span> <span class='ocrx_word' id='word_1_188' title='bbox 1214 4329 1289 4394; x_wconf 85' lang='lat'><strong>151</strong></span> 
     </span>
    </p>

    <p class='ocr_par' dir='ltr' id='par_1_16' title="bbox 741 4431 1235 4601">
     <span class='ocr_line' id='line_1_46' title="bbox 741 4431 1235 4499; baseline -0.008 1"><span class='ocrx_word' id='word_1_189' title='bbox 741 4435 924 4499; x_wconf 68' lang='grc' dir='ltr'><strong>ΗΑΗΕΝΑΤ</strong></span> <span class='ocrx_word' id='word_1_190' title='bbox 947 4433 989 4496; x_wconf 77' lang='lat' dir='ltr'><strong>io</strong></span> <span class='ocrx_word' id='word_1_191' title='bbox 1010 4436 1162 4497; x_wconf 62' lang='lat' dir='ltr'><strong>TANTV&#39;s</strong></span> <span class='ocrx_word' id='word_1_192' title='bbox 1194 4431 1235 4496; x_wconf 78' lang='lat'><strong>79</strong></span> 
     </span>
     <span class='ocr_line' id='line_1_47' title="bbox 1025 4539 1088 4601; baseline 0.016 -1"><span class='ocrx_word' id='word_1_193' title='bbox 1025 4539 1088 4601; x_wconf 75' lang='lat'><strong>17*</strong></span> 
     </span>
    </p>
   </div>
   <div class='ocr_carea' id='block_1_9' title="bbox 0 0 1624 5046">
    <p class='ocr_par' dir='ltr' id='par_1_17' title="bbox 0 0 1624 5046">
     <span class='ocr_line' id='line_1_48' title="bbox 0 0 1624 5046; baseline 0 0"><span class='ocrx_word' id='word_1_194' title='bbox 0 0 1624 5046; x_wconf 95' lang='lat' dir='ltr'><strong> </strong></span> 
     </span>
    </p>
   </div>
  </div>
 </body>
</html>
