3212 5042
769 448 1010 491 Pnousdomnns.

317 621 443 684 alterum
467 637 499 680 se
523 617 605 678 urhis
628 617 813 680 ccrrditorem
842 616 878 678 ab
908 619 1011 679 amiols
1040 625 1120 679 certe
1151 625 1180 678 et
1201 621 1297 700 poetis
1320 621 1465 702 appellari

317 724 395 786 haud
420 739 509 801 aegre
531 738 651 800 passum
675 721 785 800 esse*).

740 961 1041 970 m

778 1179 913 1284 Carnu
939 1182 957 1256 Ι
979 1181 1007 1256 Ι.

508 1325 571 1409 De
602 1328 832 1411 retractatis
864 1357 888 1410 a
918 1338 1042 1436 poeta
1071 1329 1276 1437 georgicis,

405 1647 465 1709 Sed
488 1646 622 1724 quamvis
644 1663 745 1706 sertim
768 1652 919 1723 gestarum
942 1647 1044 1706 notitia
1067 1647 1096 1707 in
1119 1649 1266 1726 georgicis
1289 1648 1368 1709 nulla
1392 1649 1469 1710 ultra

319 1770 429 1814 annum
452 1745 514 1811 725
537 1749 693 1828 pertineat,
718 1745 810 1808 nihilo
832 1755 931 1808 tamen
954 1749 1054 1810 minus
1076 1749 1262 1810 confidenter
1284 1769 1373 1830 quam
1398 1751 1468 1812 oIIm

319 1857 352 1916 in
367 1853 449 1914 lectt.
466 1848 576 1928 Vergil.
593 1850 820 1919 adfirmaverIm,
837 1853 1037 1912 retractando
1052 1853 1180 1932 poemati
1196 1853 1358 1930 Vergilium
1381 1855 1468 1914 etlam

320 1964 425 2038 postea
454 1971 577 2033 operam
605 1951 789 2032 inpendisse.
840 1951 981 2013 Traditur
1011 1954 1091 2015 enim
1117 1957 1149 2015 ln
1178 1954 1299 2015 scholiis
1321 1955 1470 2017 ServIanis

322 2059 359 2120 ad
383 2057 437 2119 ecl
462 2053 522 2117 x1
540 2061 569 2116 et
584 2072 630 2134 ge.
647 2053 684 2114 IV
707 2055 737 2115 iu
760 2055 915 2134 prooemio
939 2055 1018 2132 (nam
1040 2057 1072 2116 ln
1094 2057 1201 2117 Donati
1223 2058 1312 2118 vitam
1336 2059 1469 2137 interpo-

321 2161 433 2222 latione
465 2159 549 2239 prior
583 2155 634 2217 ille
663 2157 757 2217 Servii
784 2155 868 2217 Iocus
896 2149 1003 2218 inlatus
1032 2154 1103 2235 est),
1139 2165 1280 2236 quartum
1308 2161 1469 2238 georgicon
1556 2201 1561 2210 ·
1597 2179 1598 2234 ᾗ

320 2263 431 2326 librum
454 2280 470 2322 a
493 2258 591 2322 medio
613 2259 767 2340 usquead
791 2260 879 2319 tinem
904 2258 1033 2320 Cornelii
1057 2259 1132 2321 Galli
1160 2263 1246 2322 amici
1275 2261 1312 2322 ad
1334 2264 1469 2342 praelec-

263 2385 265 2390 ’
321 2373 418 2427 turam
440 2363 566 2444 Aegypti
589 2381 624 2422 ex
647 2361 746 2421 intima
770 2363 887 2422 fortuna
911 2359 947 2420 ah
963 2361 1096 2439 Augusto
1118 2365 1252 2442 provecti
1274 2363 1377 2426 laudes
1400 2364 1470 2425 olim

322 2467 520 2533 continuisse;
552 2464 604 2525 sed
632 2465 660 2524 is
689 2482 757 2524 cum
788 2471 817 2522 et
840 2469 1045 2524 accusatorum
1068 2463 1266 2526 delationihus
1294 2474 1324 2527 et
1350 2473 1471 2528 senatus

325 2567 469 2632 consultis
493 2584 571 2627 anno
595 2562 656 2627 728
679 2553 715 2626 ad
738 2584 842 2626 necem
866 2565 1037 2645 compulsus
1060 2567 1212 2647 essetii),
1243 2567 1363 2629 iubente
1387 2571 1469 2648 prin·

288 2699 290 2705 ·
322 2673 389 2751 cipe
411 2678 529 2750 poetam
557 2666 695 2729 laudibus
723 2666 782 2728 illis
813 2666 917 2728 deletis
947 2669 1008 2729 sive
1030 2669 1155 2730 Aristaei
1185 2671 1245 2731 sive
1268 2670 1381 2750 Orphei
1410 2671 1472 2732 sive

326 2781 485 2852 utramque
509 2769 638 2832 tabulam
661 2769 847 2831 substituisse
856 2770 937 2850 ***).
1382 2845 1383 2852 ἵ

411 2873 496 2946 Quod
520 2857 691 2934 etiamnunc
714 2879 794 2932 recte
817 2873 858 2933 ita
880 2873 1029 2952 explicare
1052 2873 1125 2934 mihi
1149 2873 1264 2944 videor,
1296 2881 1328 2936 ut
1350 2894 1417 2936 oum
1441 2877 1470 2936 in

323 2985 427 3067 quarto
450 2975 528 3037 lihro
551 2975 588 3036 de
610 2976 821 3056 Aegyptiorum
845 2994 915 3054 apes
937 2975 1117 3055 procreandi
1140 2983 1202 3037 arte
1226 2984 1255 3038 et
1277 2978 1402 3038 Aristaei
1425 2979 1470 3038 in·

326 3088 413 3142 vento
438 3077 626 3158 exposuisset
647 3073 717 3156 (281
743 3077 834 3158 squ),
865 3078 953 3139 simili
983 3077 1071 3140 modo
1099 3085 1130 3138 ut
1157 3080 1188 3138 iu
1218 3081 1365 3157 ertremis¹
1387 3079 1472 3140 tlhris

324 3185 424 3265 prImo
448 3190 477 3242 et
499 3179 631 3245 secundo
654 3179 690 3241 ad
718 3179 850 3258 publicas
878 3199 927 3241 ras
956 3181 1109 3259 digressus
1137 3182 1225 3242 finem
1254 3183 1367 3242 laceret
1396 3181 1472 3242 celc-

329 3285 451 3347 brandis
474 3269 711 3344 coniunctissimi
735 3283 790 3343 sibi
814 3291 843 3342 et
865 3284 992 3344 amicitia
1016 3290 1045 3343 et
1060 3301 1212 3344 musarum
1229 3283 1310 3346 cultu
1333 3285 1388 3345 viri
1412 3283 1471 3344 lau·

324 3388 425 3454 dibus,
455 3387 506 3466 qui
529 3386 643 3466 prImus
667 3391 751 3453 turra,
777 3385 834 3445 hoc
857 3392 900 3445 est
923 3385 992 3446 inde
1015 3384 1052 3445 ab
1075 3386 1144 3446 anni
1167 3382 1230 3446 724
1258 3387 1471 3466 auctumnc†)‚

327 3490 511 3571 provinciam
526 3488 691 3568 Aegyptum
715 3493 843 3566 regeret
856 3489 1027 3568 inventique
1043 3489 1177 3549 notitiam
1195 3489 1289 3548 amico
1307 3488 1350 3548 vel
1371 3491 1472 3569 inper·
1576 3567 1579 3574 1

325 3595 382 3654 tire
415 3591 461 3651 vel
494 3595 576 3650 certe
605 3589 782 3650 confirmare
808 3591 963 3667 potuisset.
1015 3590 1093 3663 Quas
1127 3599 1195 3670 post
1230 3591 1376 3652 funestam
1407 3592 1472 3652 eius

398 3778 426 3845 ³⁸)
445 3779 499 3830 Dio
518 3778 536 3830 I.
556 3778 575 3832 I.
594 3767 734 3840 ὁΚαῐσοιρ
753 3769 894 3842 ἐπεθύμει
909 3771 962 3843 μὲν
975 3772 1094 3855 ἰσχυροῖς
1110 3769 1247 3842 Ῥωμύλος
1260 3769 1472 3844 ὀνομασθῆναι,

326 3857 505 3934 αἰοθρμενος
528 3856 561 3914 di
584 3850 630 3915 ὅτι
654 3853 846 3914 ὑποπτεύεται
870 3853 900 3913 ἐκ
924 3853 1028 3914 τούτου
1056 3860 1107 3927 τῆς
1134 3859 1289 3928 βασιλείας.
1310 3854 1473 3929 ἐπιθυμεῖν,

331 3940 427 4002 οὐκέτ’
447 3939 540 4000 οιύτοῦ
558 3937 777 4014 ἀντεποιήσατο.

381 4033 426 4098 **)
445 4034 499 4084 Dio
518 4023 584 4083 LIII
603 4036 635 4084 23
654 4049 695 4097 sq.
721 4034 870 4084 Suetonius
880 4033 951 4099 Aug.
964 4035 997 4083 66
1018 4034 1177 4086 Ammianus
1195 4032 1378 4084 Marcellinus
1396 4033 1474 4084 XVII

326 4122 391 4182 4,5
427 4120 578 4184 Eutropius
597 4119 682 4169 VIII
717 4118 900 4184 Hieronymus
919 4117 963 4172 Ol.
984 4119 1042 4182 188,
1061 4120 1077 4168 2
1096 4115 1218 4182 (Sueten.
1238 4118 1272 4167 fr.
1290 4135 1317 4184 p.
1335 4117 1440 4182 san).

361 4203 423 4271 ***)
443 4204 554 4255 Servius
573 4219 616 4270 ge.
629 4203 668 4253 1v
686 4203 746 4254 init.
765 4208 844 4255 ‘nam
861 4203 959 4254 laudes
972 4203 1048 4254 Galli
1059 4189 1158 4254 habuit
1170 4202 1248 4254 Iocus
1262 4201 1319 4268 illc,
1340 4203 1387 4270 qui
1400 4218 1473 4253 nunc

328 4290 425 4355 Orphei
436 4290 560 4341 continet
573 4287 705 4348 fabulam,
725 4303 796 4353 quae
810 4290 916 4340 inserta
929 4293 980 4350 est,
994 4293 1140 4356 postquam
1153 4288 1224 4339 irato
1237 4288 1362 4353 Augusto
1376 4287 1473 4340 Gallus

328 4376 435 4427 occisus
455 4379 511 4426 est’
532 4375 628 4440 Orphei
644 4375 706 4426 Vat.
726 4377 792 4426 3317
810 4375 911 4424 Aristeu·
928 4381 953 4424 et
972 4373 1045 4436 Orfea'
1062 4374 1151 4423 Paris.
1172 4374 1237 4424 7959
1255 4377 1327 4425 teste
1347 4372 1472 4424 Thilone.

328 4462 446 4512 Αιιέιοτί
463 4457 559 4526 Orphei
577 4460 728 4510 Vossianus
747 4464 774 4509 et
792 4474 871 4524 quem
889 4459 949 4524 ipse
968 4459 1078 4524 inspexi
1097 4458 1276 4508 Barbarinus.

397 4545 427 4608 †)
445 4545 499 4596 Dio
517 4545 556 4596 LI
576 4545 606 4595 17
642 4543 743 4595 Strabo
761 4543 840 4596 XVII
858 4560 884 4609 p.
905 4546 953 4595 819
989 4543 1173 4609 Hieronymus
1193 4543 1236 4594 OI.
1258 4543 1315 4607 187,
1334 4546 1359 4594 3.
