3204 5042
218 867 359 936 Quomodo
382 875 410 922 et
432 883 512 940 quam
527 869 600 924 varie
614 867 725 941 Vergilii
748 868 867 924 carmina
890 867 1128 941 grammaticorum
1150 875 1273 924 veterum

133 969 216 1026 opera
241 953 345 1008 adlecta
368 951 423 1006 sint
446 960 477 1006 ut
500 969 579 1024 quam
602 951 760 1024 plenissime
782 953 972 1026 perspiciatur.
994 953 1115 1007 indicem
1128 969 1273 1023 grommo-

130 1040 216 1092 ticum
232 1037 346 1092 subieci.
391 1036 457 1090 Nam
478 1036 619 1110 Philippus
640 1037 794 1109 Wagnerus
817 1037 864 1108 qui
887 1034 1121 1108 ‘orthographiam
1143 1035 1273 1109 Vergilia·

134 1119 207 1175 nam'
231 1119 360 1175 laudabili
384 1120 474 1175 studio
498 1120 638 1175 contexuit
660 1137 719 1175 oum
737 1127 765 1176 et
778 1119 910 1175 librorum
926 1121 1091 1192 optimorum
1107 1119 1272 1176 testimoniis

131 1205 221 1259 minus
243 1203 332 1276 plenis
343 1213 346 1218 ·
356 1206 544 1277 accuratisque
557 1221 632 1271 ,usus
655 1211 682 1260 et
705 1204 731 1260 id
746 1205 860 1260 maxime
876 1211 986 1260 secutus
1002 1205 1037 1258 sit
1052 1211 1082 1259 ut
1097 1219 1166 1276 quae
1188 1205 1272 1260 luerit

132 1296 230 1360 poetae
252 1289 339 1361 ipsius
362 1287 470 1361 singula
498 1288 633 1344 scribendi
656 1287 825 1344 consuetudo
848 1287 967 1343 llediceo
994 1287 1108 1343 maxime
1129 1287 1198 1344 duce
1220 1288 1270 1344 eli-

132 1379 214 1434 ceret,
238 1389 289 1428 nos
312 1372 451 1444 aliquanto
467 1371 649 1445 locupletiore
665 1387 744 1444 quem
761 1371 922 1444 collegimus
945 1371 1092 1427 lormarum
1114 1388 1187 1444 penu
1209 1371 1272 1427 illu·

130 1456 210 1510 strari
232 1451 378 1520 voluimus,
403 1471 472 1528 quae
494 1457 520 1510 in
544 1455 660 1528 singulis
676 1455 814 1511 vocabulis
829 1455 991 1528 Vergilianis
1005 1456 1047 1511 vel
1062 1455 1271 1529 pronuntiandis

130 1539 170 1594 vel
193 1539 342 1595 scribendis
365 1556 414 1613 per
437 1547 568 1612 quattuor
596 1539 636 1594 vel
666 1541 788 1613 quinque
816 1539 878 1596 inde
906 1538 939 1594 ab
962 1541 1080 1613 Augusti
1101 1547 1271 1596 aetatesae-

129 1623 189 1678 cula
212 1624 412 1679 vicissitudines
435 1624 589 1680 acciderint.
634 1623 760 1679 Ceterum
782 1625 992 1679 instrumentum
1015 1625 1184 1698 quaestionis
1205 1641 1269 1698 pro·

129 1709 221 1780 posui:
252 1707 360 1780 singula
386 1725 439 1780 per·
463 1709 673 1780 inscriptionum
702 1708 846 1764 thesauros
874 1715 902 1762 et
929 1715 1083 1764 ceterorum
1105 1711 1269 1782 scriptorum

130 1791 236 1847 codices
269 1781 452 1864 persequetur
484 1793 544 1864 qui
564 1792 675 1864 linguae
703 1790 815 1847 Latinae
852 1791 993 1847 historiam
1022 1793 1150 1848 excutiet.
1205 1795 1269 1849 llihi

129 1874 237 1947 quidem
259 1877 287 1930 in
310 1877 363 1934 hoo
384 1875 455 1932 libro
483 1875 656 1949 propositum
685 1875 737 1930 luit
763 1875 791 1930 in
814 1874 961 1948 Vergiliani
988 1883 1079 1932 textus
1106 1876 1160 1933 iata
1188 1895 1268 1950 quam

127 1975 237 2032 possem
265 1959 474 2032 diligentissime
501 1961 650 2036 inquirere.
707 1959 760 2015 Sed
787 1976 821 2014 ne
848 1957 894 2012 illa
924 1959 1032 2033 quidem
1062 1963 1199 2032 quaestio,
1236 1962 1270 2016 ad

128 2045 205 2098 cuius
228 2042 300 2098 inter
321 2045 444 2116 insignes
467 2043 579 2117 Vergilii
606 2045 771 2116 interpretes
794 2050 822 2098 et
849 2042 968 2098 editores
997 2045 1185 2099 auctoritatem
1214 2047 1269 2100 sin·

127 2127 206 2198 gulae
229 2127 332 2183 lormae
354 2129 521 2184 revocandae
544 2129 608 2190 sint,
632 2127 733 2184 absolvi
761 2127 865 2200 poterit
892 2127 1051 2200 priusquam
1079 2131 1268 2200 grammatico·

127 2227 188 2265 rum
210 2211 257 2284 qui
279 2211 358 2267 hodie
381 2213 511 2285 leguntur
531 2211 689 2274 Latinorum
712 2218 856 2286 praecepta
885 2211 923 2267 ita
951 2227 1064 2268 excussa
1092 2211 1208 2279 suerint,
1237 2221 1269 2270 ut

127 2311 182 2367 quo
206 2295 326 2369 quidque
349 2311 381 2351 ex
405 2297 481 2352 tonte
504 2297 653 2352 derivatum
675 2297 712 2352 sit
734 2297 800 2351 satis
827 2295 962 2368 probabili
991 2295 1147 2352 coniectura
1170 2296 1266 2352 saltem

128 2386 243 2434 constet.
293 2380 404 2435 lnterlm
425 2380 507 2438 Probi
529 2377 642 2436 Cornuti
663 2379 756 2436 Scauri
777 2379 866 2452 Longi
888 2379 982 2436 bonati
1006 2380 1099 2436 Servii
1114 2389 1267 2437 ceterorum

127 2463 174 2535 qui
188 2463 301 2536 Vergilii
323 2464 487 2520 carminibus
509 2464 682 2522 recensendis
705 2480 815 2538 operam
838 2463 972 2520 dederunt
988 2464 1131 2521 sententiis
1154 2465 1177 2520 si
1199 2481 1267 2540 quae

126 2545 240 2602 traditae
261 2555 326 2604 sunt
348 2548 476 2605 adhibitis
499 2565 578 2621 quam
601 2548 702 2621 singuli
724 2547 787 2603 libri
810 2550 898 2604 nostri
926 2549 954 2604 in
979 2549 1100 2622 singulis
1128 2549 1267 2606 vocabulis

125 2629 276 2686 ‹loctrinam
310 2640 461 2705 sequantur
492 2633 634 2690 illustravi.
687 2631 768 2687 llixta
801 2640 890 2688 autem
923 2633 1004 2688 variis
1033 2633 1185 2689 rationibus
1214 2635 1267 2690 hoc

126 2730 236 2787 quoque
258 2715 286 2770 in
309 2733 410 2790 genere
432 2724 497 2772 sunt
519 2717 683 2790 exemplaria
703 2725 806 2778 nostra,
829 2733 884 2772 non
907 2734 939 2773 er
961 2734 1014 2772 una
1037 2717 1165 2792 quodque
1187 2718 1266 2774 disci·

124 2797 198 2870 plina
221 2806 248 2854 et
270 2799 377 2856 officina
400 2809 498 2857 ortum.
542 2803 581 2857 Ao
602 2801 687 2856 multa
709 2800 881 2856 librariorum
904 2801 1093 2858 consuetudini
1116 2801 1157 2857 vel
1173 2802 1267 2874 negle-

125 2883 232 2954 gentiae
254 2883 407 2940 tribuenda.
451 2885 502 2940 Sed
525 2902 559 2940 ne
575 2882 722 2958 Vergilium
745 2884 854 2957 quidem
876 2886 965 2958 ipsum
988 2884 1074 2959 magis
1097 2903 1177 2958 quam
1200 2903 1265 2943 suae

125 2968 222 3022 aetatis
245 2969 432 3040 quadratarios
456 2971 483 3024 in
506 2971 625 3025 omnium
654 2967 852 3025 vocabulorum
876 2974 1012 3042 scriptura
1034 2969 1086 3024 sibi
1109 2969 1266 3026 constitisse

125 3050 297 3107 crediderim:
326 3070 379 3126 qua
408 3053 440 3108 de
469 3070 498 3108 re
520 3053 601 3109 Probi
629 3053 788 3108 testimonio
818 3053 884 3109 satis
907 3061 1015 3108 cautum
1043 3060 1094 3108 est.
1144 3053 1214 3127 Ergo
1237 3056 1265 3110 in

124 3140 201 3190 textu
223 3136 326 3194 edendo
349 3137 395 3194 uhi
418 3137 548 3194 dillerunt
570 3136 733 3210 exemplaria
755 3138 924 3210 antiquiora,
945 3138 988 3192 vel
1009 3137 1127 3211 plurium
1150 3155 1266 3194 consen·

124 3234 185 3272 sum
208 3228 318 3276 secutus
342 3239 401 3276 sum
424 3221 466 3277 vel
489 3223 511 3276 si
535 3238 604 3294 quae
627 3221 744 3276 rariores
761 3224 980 3295 vetustioresque
995 3221 1067 3277 visae
1084 3229 1147 3277 sunt
1162 3221 1264 3278 formae

124 3301 246 3375 probavi,
271 3321 433 3378 quamquam
457 3306 563 3378 singula
587 3321 712 3380 quaeque
733 3312 831 3378 poetae
853 3306 947 3362 stilum
968 3305 1080 3362 reddere
1102 3323 1157 3361 non
1179 3309 1264 3379 perti·

123 3387 217 3442 nacius
245 3390 389 3445 contendo.
437 3389 492 3446 Nec
519 3390 587 3446 nihil
614 3391 640 3446 in
674 3397 751 3445 tanto
780 3389 915 3446 litterulas
944 3389 1057 3446 rimandi
1085 3389 1192 3445 lastidio
1221 3407 1264 3446 me

122 3470 299 3542 praeteriisse
321 3473 442 3546 spondeo
465 3491 516 3530 nec
537 3491 608 3546 nego
632 3474 719 3530 ineis
743 3490 811 3546 quae
834 3473 916 3529 effudi
945 3473 1076 3548 quaedam
1104 3476 1198 3548 seponi
1222 3474 1263 3530 vel

122 3555 189 3609 reici
211 3558 344 3628 potuisse.
394 3557 556 3630 Diligentius
585 3574 665 3632 quam
694 3558 814 3630 vulgaria
844 3564 957 3614 venatus
986 3576 1045 3614 sum
1074 3559 1162 3614 minus
1191 3559 1262 3620 trita,

123 3653 175 3693 nec
196 3643 363 3697 recentiores
386 3641 470 3698 libros
495 3640 585 3720 (pube)
607 3645 635 3698 in
658 3643 697 3699 eis
712 3645 825 3700 maxime
840 3642 944 3706 formis,
967 3659 1036 3716 quae
1051 3642 1124 3715 vulgi
1139 3643 1263 3699 inscitiae

123 3721 271 3788 debentur,
300 3726 393 3782 eadem
415 3743 478 3782 cura
502 3745 555 3800 qua
577 3729 747 3801 antiquiores
770 3729 890 3790 excussi:
913 3734 1067 3783 ceterorum
1095 3727 1262 3800 scriptorum

122 3806 280 3864 testimonia
303 3811 438 3883 quomodo
461 3812 490 3866 in
512 3812 569 3866 suis
592 3811 731 3867 codicibus
754 3812 854 3885 scripta
877 3818 969 3867 extent
996 3811 1123 3867 hierarc
1146 3809 1262 3867 enotavi.

123 3889 207 3946 Omisi
228 3892 284 3948 iere
309 3910 377 3967 quae
400 3896 536 3950 constanti
558 3912 609 3950 usu
631 3895 697 3950 satis
720 3893 824 3951 firmata
846 3903 874 3950 et
894 3895 922 3950 in
944 3902 1047 3950 textum
1062 3903 1172 3969 recepta
1187 3904 1260 3958 sunt,

121 3990 174 4030 nec
195 3993 290 4033 omnes
312 3978 398 4042 locos,
421 3979 466 4035 ubi
490 3979 612 4035 codicum
635 3979 812 4051 discrepantia
836 3979 910 4035 nulla
932 3986 982 4041 est,
1005 3978 1133 4052 adposui,
1162 3979 1261 4036 necin

122 4061 265 4116 enotandis
293 4062 463 4135 singulorum
497 4063 630 4118 librorum
659 4063 754 4118 lormis
781 4062 878 4118 levium
908 4063 1138 4137 corruptelarum,
1174 4071 1205 4119 ut
1233 4065 1261 4118 in

121 4146 316 4201 commentario
339 4147 443 4209 critico,
465 4149 598 4203 rationem
621 4147 710 4203 habui.
755 4146 798 4210 An
817 4147 1028 4220 orthographioo
1052 4165 1152 4222 genere
1175 4148 1260 4203 aliena

122 4229 255 4304 quaedam
277 4231 439 4302 paucissima
460 4231 504 4287 hic
525 4231 581 4288 illic
602 4231 701 4304 reliqui
723 4231 808 4304 magis
832 4233 908 4304 quasi
930 4233 1030 4288 invitus
1053 4249 1133 4306 quam
1148 4233 1259 4290 inserui.
