3212 5042
293 400 357 446 VIII
783 407 967 450 ratarsrro.

293 579 326 634 et
339 569 502 634 Asconins
518 569 683 634 Pedianus
703 570 912 656 pertinaciter
935 572 1105 636 tacuerint.
1149 559 1438 657 Adquiescendum

292 672 394 755 igitur
415 670 450 733 in
472 692 527 752 eo,
550 680 587 735 ut
609 669 710 736 schol.
733 670 831 734 Bern.
855 669 913 734 ecl.
931 670 990 752 VI,
1009 673 1046 736 17
1070 673 1174 737 1001111
1189 672 1328 738 Plotiam
1343 672 1439 736 Varii

293 778 420 835 amicam
442 769 544 834 fuisse
570 771 740 834 dicamus.’
828 770 882 834 Ad
903 770 1049 856 prolegg.
1064 796 1096 858 p.
1116 773 1176 837 110
1193 773 1303 838 adnot.
1328 772 1439 837 docuit

293 872 450 957 Hagenus
479 872 514 934 in
536 870 643 936 Servii
670 871 783 936 codice
805 871 963 936 Bernensi
987 873 1047 936 172
1070 872 1113 936 ad
1136 873 1218 938 Aen.
1243 873 1297 938 III
1321 872 1381 938 154
1403 895 1439 937 re

293 995 373 1038 vera
388 981 500 1036 extare
524 978 658 1036 ‘rerum’
684 971 730 1057 (h.
748 994 775 1036 0.
792 973 906 1057 serum)
930 971 1131 1038 ‘auxilium’
1218 973 1273 1038 nd
1291 973 1439 1060 prolegg.

293 1095 325 1159 p.
350 1072 427 1136 122:
451 1072 497 1136 ‘In
520 1071 641 1138 scholio
663 1072 847 1137 Veronensi
874 1073 1184 1139 011Αο11.111705
1211 1080 1353 1140 Pollutos
1379 1097 1439 1160 pro

295 1179 430 1238 Milesios
458 1173 666 1238 scribendum
694 1195 766 1238 esse
798 1174 843 1238 M.
874 1173 1040 1260 Hauptius
1068 1175 1103 1237 in
1130 1169 1296 1240 Hermetis
1329 1174 1395 1240 vol.
1423 1176 1440 1240 Ι

293 1297 326 1360 p.
350 1273 413 1338 256
448 1273 597 1339 00010011.
698 1272 753 1337 Ad
787 1273 933 1359 prolegg.
966 1297 997 1360 p.
1028 1275 1103 1339 125:
1151 1275 1257 1340 Servii
1294 1274 1439 1339 codicem

295 1375 494 1439 Bernensem
523 1397 554 1438 n.
581 1374 639 1438 167
668 1374 703 1436 111
731 1374 942 1440 adnotatione
970 1375 1013 1439 ad
1041 1375 1123 1440 Aen.
1152 1375 1186 1438 X
1207 1375 1269 1440 547
1299 1398 1364 1440 non
1387 1381 1440 1440 Co-

294 1481 427 1554 rinthus,
465 1483 502 1539 ut
531 1473 630 1558 vulgo
657 1474 776 1556 fertur,
811 1475 869 1539 sed
895 1475 983 1560 quod
1010 1475 1227 1540 Ruhnkenius
1255 1479 1441 1541 coniectura

294 1575 470 1640 adsecutus
493 1585 565 1640 erat
588 1581 737 1640 Cornutus
759 1575 913 1640 exhibere
936 1576 1048 1640 docuit
1069 1598 1121 1640 me
1137 1575 1305 1659 Hagenus.
1386 1577 1441 1642 Ad

293 1675 441 1762 prolegg.
469 1699 500 1762 p.
527 1677 601 1739 137:
637 1675 738 1740 Probi
766 1675 807 1739 de
835 1676 1014 1740 accusativi
1047 1675 1183 1762 pluralis
1212 1677 1441 1742 terminatione

293 1777 336 1841 IS
358 1775 411 1840 vel
427 1775 481 1840 Es
505 1777 701 1842 testimoniis
718 1775 888 1840 addendus
904 1786 974 1841 erat
989 1775 1081 1841 locus
1097 1777 1132 1838 in
1147 1777 1306 1842 institutis
1323 1778 1441 1843 artium

295 1899 326 1962 p.
345 1877 455 1956 96,14
478 1899 548 1962 sqq.
572 1878 628 1958 K,
652 1877 710 1941 ubi
733 1881 793 1941 ‘ex
815 1887 953 1962 utroque
976 1883 1072 1941 sono'
1096 1876 1189 1940 Maro
1213 1879 1295 1940 Aen.
1322 1877 1443 1941 11400

289 1987 394 2057 postes
409 1987 441 2042 et
456 1978 519 2041 442
529 1985 628 2056 postis
645 1977 816 2062 scripsisse
831 1976 944 2042 fertur.
1002 1977 1056 2041 Ad
1073 1975 1218 2062 prolegg.
1233 1999 1264 2062 p.
1280 1977 1340 2040 150
1352 1999 1440 2062 sqq:

293 2077 345 2141 De
364 2077 464 2142 Probi
486 2079 572 2144 notis
596 2077 718 2142 criticis
742 2078 777 2140 in
798 2081 985 2164 nuperrimo
1009 2076 1174 2141 annalium
1197 2075 1321 2162 philoll.
1345 2079 1443 2142 fasci-

293 2177 366 2242 culo
396 2177 494 2264 (1866
522 2179 605 2242 fasc.
636 2179 653 2241 7
685 2201 717 2264 p.
744 2178 808 2242 465
836 2179 922 2264 sqq.)
954 2184 1128 2242 Alexander
1156 2183 1245 2242 Riese
1279 2177 1441 2263 quaedam

294 2279 484 2365 disputavit,
508 2301 592 2364 quae
614 2279 799 2364 probabilia
820 2302 885 2342 non
907 2279 1072 2344 videntur.
1118 2277 1272 2358 Quicum
1293 2299 1335 2342 ex
1351 2279 1439 2344 XXI

294 2402 433 2465 quarum
463 2379 637 2443 Suetonius
666 2379 811 2444 tabulam
841 2379 991 2444 exhibuit
1023 2379 1110 2443 notis
1144 2388 1274 2464 praeter
1302 2379 1442 2463 alogum,

294 2480 385 2544 cuius
415 2478 594 2565 descriptio
627 2478 716 2565 apud
743 2502 818 2543 eum
847 2501 926 2543 casu
953 2478 1127 2560 exciderit,
1162 2489 1288 2564 septem
1315 2489 1443 2544 tantum

294 2601 359 2660 eas,
383 2580 502 2666 quibus
524 2601 600 2643 usos
616 2579 719 2644 fuisse
734 2579 870 2645 Latinos
887 2581 1116 2664 grammaticos
1140 2578 1262 2644 diserte
1283 2581 1444 2645 monitum

294 2692 359 2761 est,
383 2678 509 2745 scilicet
531 2681 739 2759 asteriscum,
763 2681 957 2745 asteriscum
981 2703 1054 2745 cum
1076 2678 1181 2758 obelo,
1205 2679 1312 2765 diplas
1338 2683 1443 2768 aperi.

295 2781 413 2845 sticton
442 2789 474 2844 01
506 2781 797 2866 periestigmenen,
835 2781 1049 2866 antisigmata
1084 2780 1224 2866 simplex
1258 2790 1290 2844 et
1321 2794 1443 2867 puncto

292 2890 438 2962 auctum,
461 2902 611 2946 aversam
631 2883 769 2968 denique
784 2881 1004 2948 obelismenen
1018 2880 1081 2954 vel,
1103 2892 1140 2946 ut
1153 2881 1279 2946 Isidoro
1295 2893 1426 2949 auctore

293 2981 437 3062 mavult,
465 3005 539 3046 oum
562 2982 656 3048 obelo
680 3005 829 3048 aversam
866 2994 904 3058 4
937 2983 1082 3069 Vergilio
1114 2983 1253 3049 Horatio
1281 2972 1444 3054 Lucreti⁰

294 3084 466 3170 Berytium
482 3083 674 3169 adposuisse
691 3093 824 3168 statuat,
847 3107 951 3170 neque
967 3084 1096 3150 obelum
1111 3106 1215 3170 neque
1230 3107 1303 3150 oum
1319 3100 1442 3174 puncto

295 3183 426 3250 obelum
448 3207 553 3270 neque
576 3186 779 3266 ceraunium,
803 3197 928 3251 ceteras
951 3196 987 3251 ut
1009 3195 1149 3266 taceam,
1175 3185 1210 3248 in
1231 3186 1346 3252 horum
1368 3213 1442 3276 poe·

295 3296 404 3350 tarum
418 3284 660 3371 exemplaribus
677 3287 719 3352 ab
735 3285 790 3350 illo
807 3285 973 3351 adnotatis
988 3288 1180 3372 apparuisse
1195 3291 1374 3355 contendit.
1398 3292 1445 3356 At

295 3385 424 3452 obelum
440 3407 513 3449 oum
529 3397 650 3471 puncto
668 3387 818 3452 versibus
832 3389 914 3451 Aen.
931 3386 1002 3451 121
1017 3409 1065 3473 sq.
1082 3387 1226 3454 Probum
1241 3389 1443 3476 adposuisse,

294 3487 330 3551 id
352 3486 439 3572 quod
462 3487 532 3572 ipse
555 3487 685 3552 Riesius
716 3487 792 3553 olim
821 3488 1006 3573 suspicatus
1036 3497 1119 3569 erat,
1151 3498 1280 3554 tantum
1307 3513 1372 3556 non
1396 3492 1443 3556 di·

296 3596 403 3652 sertus
419 3588 512 3650 testis
530 3588 664 3652 Servius
681 3598 731 3652 est
755 3590 800 3673 (v.
818 3586 965 3674 prolegg.
984 3587 1070 3673 142).
1114 3588 1200 3654 Nam
1222 3590 1440 3675 antisigmatis

295 3697 528 3774 compuncto,
557 3711 621 3774 quo
645 3688 888 3774 dittographiae
910 3688 1125 3770 notabantur,
1155 3689 1309 3756 hocloco
1333 3691 1440 3757 nullus

295 3789 425 3854 omnino
448 3811 526 3853 usus
550 3798 634 3871 erat,
662 3790 720 3854 ubi
743 3789 872 3854 omissis
895 3789 1027 3874 quidem
1052 3789 1091 3854 19
1113 3812 1161 3875 sq.
1184 3812 1314 3855 versum
1340 3792 1378 3856 18
1399 3815 1441 3856 ne

296 3898 433 3977 possent
464 3889 594 3976 quidem
623 3891 773 3976 excipere
801 3913 832 3954 v.
856 3889 896 3952 21
921 3912 969 3975 sq.
1013 3891 1102 3974 Ergo
1131 3890 1303 3956 dubitandi
1332 3902 1442 3956 utrum

295 4013 355 4077 par
384 4012 539 4055 versuum
567 3990 740 4075 legendum
769 3998 856 4054 esset
883 4012 983 4054 causa
1009 3989 1113 4071 nulla,
1145 3991 1203 4055 sed
1231 3989 1301 4055 tolli
1328 3993 1365 4055 21
1392 4016 1440 4080 sq.

296 4093 390 4156 salva
412 4101 445 4156 et
468 4092 630 4155 sententia
653 4100 685 4156 et
707 4101 874 4156 structura
895 4091 994 4155 facile
1015 4099 1176 4176 poterant.
1222 4091 1324 4175 Atqui
1346 4092 1440 4157 obelo

296 4215 369 4256 oum
392 4203 512 4278 puncto
540 4193 569 4256 si
597 4215 675 4256 usus
704 4202 754 4257 est
776 4191 920 4273 Probus,
948 4213 989 4255 ne
1018 4190 1158 4277 simplici
1187 4189 1318 4276 quidem
1346 4192 1440 4258 obelo

296 4294 494 4358 abstinuisse
522 4293 685 4379 putandus
714 4293 790 4374 erit,
819 4313 923 4377 neque
950 4290 999 4356 illi
1027 4301 1125 4356 notae
1147 4289 1291 4378 apertius
1315 4291 1440 4359 (10110-

295 4396 399 4457 manis
429 4394 650 4458 testimonium
684 4414 782 4478 quam
815 4391 892 4456 huic
918 4393 953 4456 in
980 4391 1179 4460 Suetoniano
1212 4399 1357 4458 tractatu
1384 4395 1439 4459 ad·
