3212 5042
316 437 390 484 XXX
772 439 960 484 Panaenum.

316 609 405 658 Acron
474 608 524 657 624
542 604 600 674 per]
620 610 649 658 et
668 610 773 672 erepton.
787 610 813 657 in
826 609 919 662 Donat.
989 609 1039 659 706
1056 611 1134 657 creat
1152 610 1222 673 erpi.
1236 609 1340 662 inDon.
1410 610 1457 660 707

316 692 351 741 ad
369 689 445 741 velut
463 693 494 740 de
506 693 550 740 alt.
563 693 621 756 syll,
639 708 666 755 p.
684 693 743 754 216,
766 691 798 742 16
816 692 852 742 Κ.
922 694 972 743 740
988 707 1023 742 ne
1042 691 1189 756 Rufinianus
1268 691 1310 741 XI
1327 694 1359 743 27
1379 709 1457 758 quem

313 789 370 824 non
389 773 457 824 adeo
475 775 586 824 virtutis
604 779 674 840 expl.
687 777 713 824 in
725 777 821 825 Donat.
901 777 951 826 243
968 775 1129 827 Diomedem
1146 775 1285 840 Emporias
1301 793 1329 840 p.
1348 777 1407 836 562,
1425 779 1457 827 27

314 858 352 910 Η,
421 859 471 908 266
489 858 584 908 exulat
600 856 717 923 [Serpit]
728 862 784 910 cod.
797 861 830 912 L.
917 859 968 910 884
986 865 1094 926 strages
1114 859 1205 910 acerb.
1225 861 1258 910 de
1280 863 1326 911 ult.
1350 863 1407 926 syll.
1430 878 1459 925 p.

314 943 373 1003 261,
392 944 425 992 60
443 941 478 992 K.
546 943 596 992 627
615 943 757 994 resolvens
775 946 867 994 dealt.
886 945 942 1008 syll.
1013 945 1064 995 874
1086 939 1145 1008 sed]
1166 948 1194 994 et
1212 945 1301 994 Acron
1370 945 1458 994 xlle

314 1029 380 1074 tunc
403 1025 549 1076 Victorinus
616 1027 650 1076 84
668 1023 723 1092 qui]
745 1031 773 1076 et
790 1029 880 1078 Acron
948 1029 998 1078 210
1017 1042 1098 1078 arvos
1117 1028 1149 1077 de
1166 1030 1210 1080 ult.
1223 1030 1279 1094 epil.
1292 1030 1349 1079 cod.
1360 1045 1388 1092 p.
1399 1029 1458 1090 246,

314 1111 330 1159 9
349 1109 382 1158 K.
452 1109 503 1160 108
519 1109 598 1161 vides
615 1111 781 1176 Porphyrion
793 1115 829 1163 ad
839 1113 906 1164 Hor.
920 1113 1024 1162 carmI
1042 1113 1066 1170 9,
1087 1113 1100 1160 1
1169 1112 1219 1162 686
1237 1111 1350 1161 sublate
1368 1111 1458 1162 Acron

382 1195 431 1244 700
449 1207 501 1258 que
519 1209 565 1246 om.
586 1193 916 1262 Iulimlinfiniannsp.58,
932 1197 962 1245 16
975 1197 1011 1245 Η.
1081 1195 1130 1246 801
1150 1210 1202 1246 nec
1220 1198 1248 1246 te
1265 1197 1344 1246 schol.
1357 1196 1424 1246 Hor.

400 1359 585 1445 specimina
617 1359 799 1446 scripturae
831 1383 914 1449 quae
947 1361 983 1424 in
1011 1359 1133 1427 tabulis
1161 1359 1198 1424 II
1225 1382 1295 1447 sqq.
1324 1359 1461 1425 exhibui

314 1460 434 1547 partim
455 1460 497 1524 ad
519 1461 608 1545 ipsos
631 1460 761 1526 codices
785 1462 891 1526 denuo
913 1483 1071 1548 expressa
1092 1470 1182 1540 sunt,
1204 1459 1363 1526 librorum
1378 1465 1461 1524 FPR

314 1561 439 1625 Romae
454 1560 676 1626 intercedente
691 1561 813 1626 Enrico
828 1561 991 1642 Brunnio,
1011 1561 1204 1627 schedarum
1220 1563 1461 1628 Veronensium

313 1660 470 1728 beneficio
493 1659 627 1748 Iosephi
647 1661 786 1726 Mueller
812 1662 1008 1749 professoris
1031 1662 1196 1728 Patavini.
1240 1663 1378 1727 Puteani
1402 1663 1459 1748 (Α)

315 1760 500 1848 exemplum
523 1760 789 1847 splendissimum
810 1763 933 1828 Pertzii
960 1761 1093 1828 libellus
1115 1763 1355 1850 suppeditavit,
1379 1763 1459 1828 San-

314 1861 470 1946 gallensis
504 1861 606 1927 multo
640 1865 745 1928 minus
775 1863 906 1948 elegans
935 1862 972 1928 O.
995 1862 1051 1926 W.
1073 1861 1225 1926 Muelleri
1250 1885 1460 1949 programma

315 1963 480 2026 Bemense
503 1985 532 2026 a.
558 1963 637 2027 1841
663 1963 763 2048 (anal.
779 1964 876 2028 Bern.
902 1973 984 2050 part.
997 1961 1077 2048 III),
1099 1985 1176 2026 nam
1198 1985 1317 2028 novum
1339 1985 1458 2050 parare

314 2063 437 2128 frustra
464 2063 585 2128 studui.
636 2065 714 2129 Fuit
741 2087 816 2150 spes
844 2063 986 2129 Medicei
1012 2061 1089 2130 libri
1117 2063 1355 2130 nobilissimam
1382 2064 1457 2129 sub·
1495 2095 1503 2106 ·

261 2199 265 2207 ,
316 2164 492 2250 scriptione
514 2165 668 2251 paginam
690 2163 909 2252 photographi
930 2173 1000 2230 arte
1022 2187 1130 2228 meum
1152 2165 1187 2226 in
1208 2185 1303 2230 usum
1326 2185 1458 2250 expres·

315 2287 388 2328 sum
410 2266 466 2345 iri,
490 2286 575 2350 quae
597 2285 671 2328 cum
687 2265 794 2329 nescio
816 2287 879 2351 quo
895 2287 974 2330 casu
996 2263 1166 2346 fefellerit,
1189 2287 1230 2330 ne
1252 2264 1357 2330 omnis
1372 2250 1457 2328 litte-

314 2385 425 2430 rarum
445 2365 555 2449 imago
577 2363 717 2446 deesset,
739 2365 782 2429 ad
801 2365 955 2450 Fogginii
974 2365 1073 2431 fidem
1093 2365 1321 2449 refugiendum
1341 2374 1421 2429 erat.
