3212 5042
317 407 337 471 6
766 428 1012 472 ruouueouaus.

317 597 406 658 mode
428 597 543 658 abiecta
566 600 713 659 tonstrina
734 599 812 658 intra
835 616 929 658 annos
952 594 1014 660 709
1037 605 1066 658 et
1089 595 1159 668 711,
1183 599 1208 658 si
1222 598 1256 658 L.
1273 597 1462 660 Schwabium

318 681 442 780 (quaest.
466 699 570 762 Catuli.
600 719 629 780 p.
654 697 705 776 84)
735 701 902 777 sequimur,
932 699 1027 760 Servii
1055 698 1179 780 Sulpicii
1206 699 1272 762 Rufi
1306 700 1462 782 disciplina

316 803 428 864 Romae
450 821 522 864 usus
545 809 623 874 erat,
652 821 719 862 eum
749 809 888 880 quattuor
916 800 961 861 vel
990 801 1106 862 duobus
1134 802 1219 862 aunis
1242 810 1308 882 post
1330 801 1463 881 legatum

317 904 353 966 ab
377 906 534 966 Octaviano
558 905 667 968 iactum
690 921 765 966 esse.
810 903 896 974 Quod
918 912 1016 964 autem
1032 905 1266 966 Cremonensem
1281 904 1374 966 lotum
1391 905 1464 966 dicit

315 1013 532 1074 commentator
554 1005 618 1076 ille,
642 1024 748 1067 vereor
770 1025 809 1068 oe
832 1004 937 1066 eodem
961 1024 1065 1066 errore
1086 1005 1226 1066 inductus
1247 1008 1299 1076 sit,
1332 1027 1391 1086 quo
1414 1006 1463 1068 alii

313 1109 396 1193 ‘apud
419 1109 556 1170 Servium
579 1108 625 1190 (ad
649 1108 701 1169 ecl.
725 1109 764 1170 lX
786 1106 837 1188 35)
870 1109 958 1169 etiam
988 1109 1119 1169 earmina
1141 1108 1244 1187 aliqua
1260 1110 1464 1189 composuisse

316 1213 545 1274 ‘successorem’
568 1211 664 1272 Servii
686 1209 808 1290 Sulpicii
837 1210 1061 1292 adnotaverant:
1090 1212 1230 1272 nimirum
1260 1211 1298 1272 de
1320 1211 1463 1307 Quintilio

322 1315 399 1376 Varo
422 1314 616 1375 Cremonensi
637 1320 726 1392 poeta
748 1319 778 1372 et
799 1313 894 1374 amieo
917 1312 1039 1391 Vergilii
1060 1313 1150 1376 lando
1174 1313 1355 1374 audiverant.

401 1415 460 1478 Sed
488 1416 621 1494 quisquis
643 1415 698 1476 luit
718 1421 820 1476 noster
841 1414 964 1476 Alienus
984 1416 1086 1485 Varus,
1111 1423 1192 1476 certe
1212 1416 1370 1496 premissis
1391 1419 1464 1478 ami·

316 1538 384 1580 oum
421 1536 454 1578 se
487 1536 556 1578 curn
587 1516 709 1595 Vergilii
742 1517 790 1593 (ol.
815 1515 905 1577 Probi
928 1517 984 1578 vita
1019 1536 1047 1596 p.
1070 1513 1127 1587 53,
1150 1514 1172 1577 4
1194 1517 1228 1578 R.
1253 1526 1283 1578 et
1304 1519 1412 1580 Donati
1433 1538 1460 1598 p.

315 1619 367 1690 59.
391 1618 408 1680 1
432 1619 501 1682 coll.
524 1615 576 1688 53,
599 1616 688 1697 411.)
718 1627 783 1680 tum
806 1627 975 1680 ceterorum
997 1619 1224 1680 Mantuanorum
1250 1619 1315 1700 (ecl.
1338 1620 1378 1681 lX
1402 1619 1461 1682 7-

318 1719 367 1801 11)
391 1723 489 1802 primo
511 1721 640 1800 gessisse
661 1720 787 1782 ridetur.
819 1721 933 1792 Quibus
954 1722 1028 1800 ipsis
1051 1721 1087 1783 ad
1110 1721 1216 1784 laetam
1239 1741 1322 1802 spem
1347 1731 1464 1784 erectus

310 1829 404 1904 poeta
427 1831 459 1884 ut
482 1829 511 1883 et
533 1831 649 1901 gratum
673 1823 804 1884 animum
827 1822 971 1902 probaret
994 1830 1024 1884 et
1045 1823 1135 1902 legati
1163 1823 1396 1888 benivolentiam
1418 1827 1464 1886 io·

312 1927 393 2005 ‚signi
415 1927 487 1986 artis
509 1924 653 1986 beneficio
669 1923 726 1984 sibi
743 1926 865 2006 suisque
887 1924 1068 1996 conciliaret,
1092 1925 1243 2006 peculiare
1265 1945 1382 2006 poema,
1406 1947 1465 2007 qno

317 2029 371 2089 viri
393 2047 410 2088 e
431 2027 525 2088 musis
547 2027 669 2088 minime
691 2026 779 2088 alieni
802 2025 849 2106 (VI
873 2023 910 2088 11
935 2027 991 2105 sq.)
1019 2045 1070 2088 res
1098 2027 1177 2089 domi
1205 2027 1335 2107 bellique
1362 2038 1465 2108 gestae

316 2127 577 2199 describerentur,
613 2128 771 2208 adgressus
794 2136 867 2190 eret.
920 2131 1010 2192 Cuius
1034 2129 1190 2192 exordium
1215 2132 1279 2212 ipse
1302 2133 1465 2210 repetitio

316 2231 371 2294 ecl.
394 2231 434 2292 lX
456 2221 592 2300 27-29,
616 2231 695 2294 unde
717 2231 912 2312 intellegitur,
936 2233 1110 2294 Mantuanos
1133 2232 1254 2312 quidem
1276 2233 1396 2312 praedia
1412 2253 1464 2296 sua

312 2333 463 2410 nondum,
487 2340 569 2394 certe
592 2351 652 2394 uon
675 2335 773 2394 omnia
797 2341 858 2394 tum
880 2352 1087 2414 recuperasse.
1388 2329 1390 2334 ’

403 2435 462 2496 Sed
484 2434 562 2498 male
584 2453 648 2496 rem
672 2435 888 2498 administravit
904 2439 1005 2508 Verus
1030 2435 1184 2514 qui‘eum
1200 2439 1298 2499 iussus
1313 2439 1368 2498 tria
1385 2438 1465 2502 milia

315 2555 456 2618 passuum
472 2557 489 2598 a
504 2555 591 2600 muro
606 2538 638 2597 in
653 2537 769 2598 diversa
790 2537 960 2618 relinquere
982 2539 1028 2598 vix
1045 2540 1234 2618 octingentos
1248 2519 1354 2622 passus
1370 2560 1464 2621 aquae

313 2657 392 2717 quae
413 2639 595 2702 circumdate
619 2647 684 2702 erat
714 2639 943 2712 admetiretur',
972 2640 1048 2702 nibil
1070 2640 1236 2704 Mantuanis
1263 2650 1385 2724 praeter
1413 2663 1463 2724 pa·

314 2741 420 2804 lustria
442 2740 600 2820 reliquisse
622 2761 643 2820 a
662 2741 798 2803 Cornelio
822 2740 921 2812 Gallo,
951 2743 1000 2822 qui
1023 2744 1159 2804 triumvir
1188 2745 1267 2822 agris
1296 2745 1465 2808 dividendis

317 2841 363 2903 vel
387 2850 452 2904 erat
472 2843 519 2903 vel
541 2845 653 2912 luerat,
678 2845 811 2904 oratione
833 2845 865 2904 in
888 2863 956 2906 eum
979 2846 1130 2906 nescimus
1153 2845 1271 2923 quando
1293 2845 1394 2908 habita
1410 2851 1464 2908 'ao-

316 2951 435 3006 ousatus
458 2945 496 3006 sit
503 2945 541 3026 i‘).
585 2945 622 3006 Et
637 2947 772 3007 amisisse
788 2945 937 3008 Mantuam
953 2946 1102 3008 infelicem
1126 2953 1277 3028 ‘campum
1292 2955 1464 3028 pascentem

315 3049 418 3108 niveos
440 3045 570 3110 herboso
600 3046 722 3108 flumine
751 3052 878 3128 cycnos'
910 3050 1045 3126 queritur
1078 3058 1166 3128 poeta
1199 3051 1286 3112 etiem
1314 3051 1345 3110 in
1368 3069 1414 3128 ge.
1438 3051 1465 3112 ll

292 3225 297 3238 a
319 3145 379 3212 198
402 3167 445 3229 sq.

322 3350 625 3366 —————b-

384 3489 411 3555 *l
431 3490 545 3542 Servius
565 3489 617 3541 eol,
635 3491 673 3556 IX
694 3493 726 3541 10
744 3489 808 3540 ‘alii
825 3489 919 3540 dieunt
930 3489 1085 3555 Vergilium
1097 3491 1241 3543 ostendere
1253 3489 1374 3544 voluisse
1393 3493 1466 3558 quod

316 3577 479 3628 Mantuanis
497 3591 547 3642 per
564 3575 741 3640 iniquitatem
759 3575 855 3629 Alieni
873 3575 955 3639 Vari,
979 3577 1025 3640 qui
1043 3592 1124 3642 agros
1148 3577 1258 3638 divisit,
1281 3581 1394 3644 praeter
1416 3595 1464 3646 pe·

314 3663 417 3713 lustris
434 3661 504 3712 nihil
523 3660 651 3712 relietum
669 3659 716 3724 sit,
741 3661 815 3712 sieut
834 3661 1010 3712 exoratione
1030 3660 1154 3712 Cornelii
1177 3663 1206 3712 in
1223 3662 1355 3714 Alienum
1373 3667 1465 3716 erten-

315 3748 402 3798 ditur:
432 3763 492 3798 eum
510 3748 601 3797 iussus
619 3746 675 3796 tria
692 3743 892 3812 milie'passus
916 3761 933 3795 a
954 3761 1030 3798 muro
1053 3747 1083 3796 in
1105 3748 1217 3798 diversa
1238 3749 1411 3814 relinquere,
1438 3758 1465 3800 ut

315 3832 492 3897 octingentos
509 3846 609 3897 passus
628 3846 731 3898 aquae,
756 3846 828 3897 quae
847 3831 1018 3882 circumdate
1036 3836 1087 3896 est,
1109 3833 1282 3884 admetireris
1300 3833 1439 3898 reliquisti
1447 3840 1463 3886 ’.

312 3919 346 3968 In
365 3917 466 3980 quibus
485 3925 513 3967 ut
531 3916 651 3968 correxit
663 3917 778 3969 Vossius
795 3919 840 3968 otoe
857 3917 992 3968 scribens.
1027 3916 1146 3983 Reliqua
1166 3922 1267 3983 autem,
1287 3933 1360 3984 quae
1378 3935 1466 3986 nuper

313 4001 514 4069 Peerlkampus
533 4017 639 4068 quoque
658 4002 791 4054 Mnemos.
808 4001 835 4052 X
852 4005 901 4054 281
920 4003 1083 4070 temptavit,
1115 4019 1149 4054 ex
1166 4003 1235 4068 ipsis
1254 4003 1347 4056 Servii
1373 4006 1465 4056 verbis

315 4086 445 4152 supplere
465 4103 546 4152 quam
564 4091 671 4138 mutere
689 4087 776 4140 melo:
795 4086 922 4138 addenda
942 4087 1014 4138 enim
1031 4091 1098 4153 puto
1116 4088 1163 4139 vel
1182 4093 1248 4140 ente
1261 4089 1306 4141 vel
1324 4093 1389 4156 post
1405 4094 1464 4141 reli·

315 4173 392 4238 quisti
408 4173 521 4223 verbum
546 4172 615 4224 haee
642 4173 717 4224 iere:
745 4173 823 4223 ‘nibil
840 4173 990 4225 Mantuanis
1004 4181 1113 4238 praeter
1128 4176 1286 4240 palustria’,
1314 4191 1465 4240 quaecum

273 4267 276 4272 “
316 4256 402 4311 semel
423 4258 583 4324 scripsisset
600 4257 730 4310 librarius
747 4261 874 4324 repetere
893 4259 991 4310 noluit.
1032 4259 1162 4310 Ceterum
1180 4258 1265 4310 facile
1282 4259 1465 4327 intellegitur,

317 4343 429 4393 minime
447 4344 616 4403 necessario,
634 4348 666 4394 ut
682 4344 822 4395 Henricus
840 4345 936 4408 Meyer
953 4335 1068 4397 oratorrj
1093 4345 1169 4400 Rom.
1189 4345 1222 4394 fr.
1241 4361 1268 4410 p.
1288 4347 1339 4396 514
1357 4347 1463 4410 statuit,

316 4443 389 4479 anno
408 4429 457 4480 713
475 4427 548 4478 hane
566 4431 719 4482 orationem
736 4429 860 4480 habitem
878 4444 947 4489 esse,
972 4429 1020 4480 sed
1038 4427 1162 4495 potuisse
1185 4429 1330 4494 eliquanto
1353 4432 1465 4500 post‘jn

316 4512 373 4563 alis
395 4528 481 4564 eausa
499 4513 572 4566 hene
591 4515 768 4580 iniquitatem
786 4521 898 4580 praeter
917 4515 974 4566 alia
987 4515 1118 4581 graviore
1132 4516 1347 4566 commemorari.
1385 4559 1392 4567 .
1452 4563 1455 4567 .
