3230 5046
332 381 392 447 176
776 403 1021 448 enouuoousm.

414 569 478 633 564
499 571 715 650 ‘Parthenope
739 572 1061 652 1611161611616666’
1086 573 1139 654 (sic
1162 575 1249 635 etiam
1272 574 1476 655 16666161)

216 715 224 724 ,
329 673 425 753 ‘quae
447 692 527 734 nunc
548 672 703 752 Neapolis,
727 673 757 733 in
785 690 842 750 qna
869 675 989 752 scripsit
1006 674 1182 753 Vergilius'.

414 775 547 836 Primum
570 775 644 835 certi
676 774 828 835 cuiusdam
857 774 1036 855 exemplaris
1065 779 1229 856 scripturas
1256 781 1397 857 genetivo
1419 783 1476 842 isto

329 879 440 940 ineerta·
460 876 585 938 indicari
607 877 734 936 maxime
757 895 792 936 eo
815 877 1051 947 demonstratur,
1084 879 1164 959 quod
1187 898 1212 938 v.
1237 878 1296 942 131
1319 898 1478 958 serumque

325 997 468 1057 papauer
489 998 545 1058 pro
567 995 745 1054 vescumque
764 996 795 1054 p.
818 985 1017 1049 memoratur,
1041 981 1091 1057 qui
1114 989 1233 1059 apertus
1255 980 1369 1043 librarii
1391 1002 1475 1044 error

329 1089 389 1152 est,
424 1100 491 1142 cum
521 1100 557 1143 61
587 1080 692 1148 eodem
722 1082 875 1160 sequentis
905 1101 1007 1142 versus
1037 1081 1104 1142 loco
1133 1083 1278 1162 ‘seraque
1300 1088 1474 1145 revertens'
1591 1131 1592 1168 3

328 1184 385 1245 huc
407 1182 533 1245 inlatum
555 1183 593 1242 sit
613 1200 692 1243 sera.
745 1182 883 1243 Ceterum
912 1182 1004 1245 habes
1033 1184 1144 1246 lormas
1172 1187 1364 1263 grammatico
1388 1187 1474 1247 docto
1591 1229 1592 1248 t

327 1285 405 1346 haud
427 1285 573 1364 indignas
619 1285 692 1346 Nam
714 1286 796 1346 66166
810 1285 936 1345 lorrnarn
952 1287 1103 1366 antiquam
1119 1305 1185 1347 esse
1201 1285 1407 1349 Lachmannus
1429 1289 1472 1349 in·
1591 1311 1592 1330 1

327 1389 432 1467 6111616
454 1388 491 1449 66
513 1387 601 1448 Lucr.
625 1406 653 1467 p.
680 1383 740 1447 136
763 1386 978 1448 demonstravit
1006 1387 1053 1464 (cl.
1078 1388 1204 1449 Corssen
1228 1388 1265 1449 de
1287 1397 1428 1468 pronunt.
1451 1389 1471 1448 l.

228 1582 229 1585 Ἴ
327 1490 358 1550 L.
382 1486 479 1566 196),
503 1496 754 1564 servaveruntque
778 1505 842 1548 earn
866 1489 895 1548 P
912 1488 984 1550 Aen.
1007 1485 1109 1550 X801
1134 1495 1164 1549 et
1185 1491 1214 1550 11
1237 1487 1337 1551 1662
1360 1487 1472 1552 11646.
1591 1531 1592 1538 .

328 1593 370 1653 lle
392 1591 550 1671 participio
572 1597 701 1652 6666166
722 1607 810 1650 66166
833 1589 961 1651 dubitat:
987 1598 1066 1651 extat
1088 1597 1185 1652 autem
1202 1599 1322 1670 praeter
1337 1601 1473 1654 nostrum
1591 1659 1592 1668 ¹

327 1693 427 1755 locum
449 1695 521 1753 hen.
546 1689 668 1753 111331
698 1693 728 1752 16
756 1692 868 1769 party,
896 1693 969 1752 item
997 1693 1028 1752 in
1056 1693 1085 1752 R
1113 1693 1185 1754 Aen.
1208 1691 1341 1754 111511
1372 1694 1474 1755 611111
1591 1685 1592 1690 ¹

328 1792 401 1856 149.
445 1795 557 1871 1616116
580 1795 759 1872 scripturam
782 1810 843 1852 non
866 1800 1030 1870 agnoscunt
1052 1793 1121 1854 libri
1143 1796 1252 1863 nostri,
1277 1796 1327 1872 qui
1350 1804 1475 1873 utroque

328 1890 1204 1974 166666.11206111111206616116666666611661,
1240 1896 1319 1976 quod
1349 1899 1379 1956 16
1409 1896 1473 1958 cod.

330 1996 390 2060 161
415 1997 550 2060 scholion
573 2015 692 2078 quoque
715 1995 850 2058 exhibet:
874 2004 1007 2057 ceterum
1031 1997 1224 2076 cl..Wagneri
1238 1997 1370 2076 orthogr.
1387 2001 1472 2076 Verg.

332 2098 405 2163 485.
452 2101 493 2161 lle
516 2099 600 2160 verbi
624 2100 750 2173 feruere
771 2097 882 2178 duplici
905 2101 1112 2176 coniugatione
1136 2117 1151 2158 a
1176 2099 1354 2161 doctissimis
1376 2119 1473 2178 grem·

331 2204 446 2264 matteis
469 2203 635 2279 quaesitum
653 2220 718 2262 esse
734 2201 843 2260 docent
854 2201 1022 2261 Priscianus
1038 2219 1065 2279 p.
1080 2197 1142 2262 866
1169 2201 1284 2263 Probus
1300 2222 1327 2281 p.
1348 2199 1428 2263 1413
1440 2202 1472 2261 P.

327 2306 440 2367 Nonius
468 2323 492 2364 s.
522 2322 547 2364 v.
577 2302 792 2384 616616161166
823 2301 870 2380 (cl.
895 2301 977 2362 Neue
999 2301 1150 2362 Formenl.
1179 2299 1262 2374 324),
1292 2304 1474 2382 6161611616-

332 2414 441 2468 666161
470 2407 533 2466 1616
561 2424 577 2465 6
601 2405 733 2464 Terentii
762 2411 793 2464 et
813 2403 935 2481 Vergilii
964 2403 1121 2482 exemplis,
1155 2411 1187 2464 61
1214 2404 1321 2464 horum
1348 2405 1475 2464 maxime

326 2516 482 2588 poetarum
504 2507 738 2582 ‚commentariis
772 2505 904 2564 videatur
940 2507 1074 2583 quaestio
1114 2505 1268 2586 profligata
1302 2523 1378 2566 esse.
1432 2506 1475 2566 lle

323 2610 449 2688 forcipe
485 2615 606 2688 praeter
639 2607 774 2667 Servium
802 2605 954 2667 Charisius
975 2626 1005 2686 p.
1031 2604 1072 2667 14
1114 2607 1213 2668 161166
1241 2608 1362 2686 Longus
1393 2603 1477 2668 2232
1591 2629 1592 2708 p

326 2711 435 2771 Marius
468 2709 637 2770 Victorinus
672 2705 766 2768 2410·
790 2708 845 2786 R,
885 2725 919 2767 61
958 2708 1065 2787 quibus
1102 2709 1253 2771 Charisius
1286 2717 1320 2770 et
1356 2707 1476 2787 Longus

325 2815 392 2892 ipso
415 2810 536 2890 Vergilii
559 2810 696 2889 exemplo
719 2806 867 2906 Ι1111453
892 2811 937 2869 661
961 2817 1040 2882 6661,
1064 2810 1217 2880 ubinunc
1235 2812 1348 2885 forfice
1370 2811 1425 2872 soli
1447 2811 1476 2870 R
1591 2859 1592 2868 .

328 2915 449 2995 placuit,
473 2921 507 2975 nt
528 2915 559 2974 in
583 2912 688 2974 eodem
712 2913 799 2973 etiarn
820 2911 874 2972 Xll
894 2909 959 2973 404
981 2920 1067 2974 extat.
1114 2913 1211 2990 Orphi
1231 2913 1344 2974 dativus
1360 2911 1475 2973 Aemilii
1591 2949 1592 2968 .

329 3019 417 3097 Aspri
440 3017 615 3077 memoriam
643 3021 775 3084 1616661,
810 3015 861 3092 qui
889 3013 925 3074 de
954 3015 1098 3092 genetiuis
1120 3013 1225 3075 Achilli
1245 3015 1302 3076 0111
1322 3015 1473 3086 Promethi

217 3126 224 3135 ‘
333 3121 405 3181 Neri
428 3119 498 3179 'leri
521 3118 607 3178 docte
630 3099 778 3178 disseruit
829 3118 1020 3193 Parthenope
1047 3120 1156 3178 nomen
1179 3116 1382 3178 Buechelerus
1404 3117 1474 3177 olim
1591 3133 1592 3146 ³

330 3239 385 3301 per
408 3220 523 3281 litteras
545 3219 618 3279 mihi
641 3219 815 3296 significavit
837 3218 929 3278 videri
951 3221 1174 3296 grammaticum
1197 3226 1346 3290 nostrum,
1370 3221 1475 3298 utqui
1591 3235 1592 3286 t

334 3325 470 3401 antiquas
485 3324 597 3382 1611666
613 3320 759 3390 dilexerit,
776 3321 840 3381 sine
856 3321 1035 3399 aspiratione
1051 3321 1142 3381 scribi
1157 3321 1299 3382 voluisse:
1323 3329 1353 3381 61
1367 3319 1476 3398 legitur
1591 3333 1592 3368 1

329 3423 390 3485 m.1
409 3433 582 3501 perteucpe
603 3425 634 3482 in
657 3443 686 3501 p.
732 3421 918 3498 Parthincpe
938 3420 1046 3500 legisse
1061 3423 1196 3484 criticum
1218 3430 1351 3483 nostrum
1374 3425 1476 3483 statuit
1525 3482 1527 3485 ,

326 3527 441 3603 Hagen.
495 3525 628 3602 lienique
661 3525 860 3584 accusativum
895 3526 980 3585 umbo
1013 3527 1079 3604 quis
1107 3523 1358 3585 commendaverit
1385 3543 1474 3603 supra

327 3626 462 3688 vidimus.
520 3626 556 3685 Et
587 3626 663 3686 mire
698 3625 805 3685 accidit
835 3631 883 3695 61,
918 3628 943 3686 61
976 3627 1006 3686 16
1039 3630 1118 3688 ehrte'
1152 3626 1198 3687 161
1237 3628 1323 3687 hebri
1354 3627 1475 3686 nomine
1591 3645 1592 3650 ¹

330 3727 517 3789 emendando
546 3727 638 3788 semel
667 3725 787 3788 ariolari
815 3726 974 3802 audemus,
1001 3728 1117 3790 litterae
1148 3727 1267 3805 quidem
1294 3728 1330 3788 ab
1358 3729 1479 3820 11616611

275 3829 276 3832 ’
332 3833 395 3910 6611
418 3831 483 3891 1616
506 3831 602 3908 666116
625 3836 751 3909 atquea
779 3831 880 3892 Verrii
900 3833 1020 3890 nomine
1043 3831 1148 3891 absint.
1193 3831 1230 3890 Et
1251 3832 1381 3909 potuisse
1402 3833 1476 3892 Ver-
1591 3869 1592 3924 q

324 3936 404 3993 rium
439 3933 583 3993 Flaccum
612 3932 649 3992 de
678 3930 816 3992 omnibus
841 3931 899 3992 illis
925 3931 1076 3993 vocabulis
1104 3933 1278 4010 praecipere
1308 3919 1475 4011 partimin
1591 3951 1592 3964 ¹

331 4033 418 4094 libris
441 4033 477 4094 de
501 4032 712 4114 orthographia
735 4035 842 4112 partim
866 4035 896 4094 in
920 4033 1053 4114 epistolis
1074 4034 1181 4111 partim
1204 4035 1235 4093 in
1257 4034 1323 4094 aliis
1345 4036 1474 4113 scriptis
1591 4071 1592 4076 .

324 4135 371 4195 vel
390 4154 484 4214 pauca
506 4135 556 4195 illa
572 4135 688 4205 docent,
706 4152 781 4212 quae
797 4135 845 4196 hic
860 4135 919 4196 illic
934 4135 1003 4196 inde
1019 4141 1157 4214 excerpta
1173 4135 1292 4214 collegit
1304 4135 1337 4196 0.
1350 4135 1475 4197 Mueller

324 4240 355 4298 in
379 4238 473 4316 prael.
498 4237 533 4298 ad
556 4236 635 4297 Fest.
659 4256 688 4316 p.
711 4237 775 4296 XlV
798 4257 861 4317 sqq.
912 4237 955 4298 ct.
978 4243 1133 4316 praeterea
1164 4255 1239 4316 quae
1261 4237 1298 4297 de
1321 4239 1475 4300 Mezentio

324 4341 444 4400 nomine
466 4340 496 4398 in
512 4358 588 4400 mus.
605 4337 699 4400 Rhcn.
716 4336 847 4400 1111419
863 4357 925 4419 sqq.
951 4337 1088 4410 disserui,
1114 4339 1190 4418 quod
1208 4338 1325 4400 duabus
1342 4360 1362 4400 z
1380 4341 1471 4402 scribi
1591 4375 1592 4380 .

324 4441 445 4502 Verrius
467 4443 603 4504 iusserat.
