3212 5042
605 427 851 473 Processimus.
1257 407 1297 473 57

120 617 123 624 ·
150 595 393 673 advenirent.'*)
430 596 503 657 Nam
532 602 564 657 ut
587 600 673 658 amici
702 597 922 675 familiaresque
945 603 1051 677 poetae
1079 597 1110 658 in
1133 599 1191 668 eis,
1222 617 1298 679 quae

150 699 189 759 de
212 699 335 777 ingenio
357 699 550 777 moribusque
574 701 637 761 eius
659 702 822 762 memoriae
844 699 1003 762 tradidisse
1018 700 1157 761 dicuntur
1172 720 1189 762 a
1204 701 1299 762 Gellio

150 801 230 862 xvh
255 799 309 870 10,
339 801 439 862 dicere
467 803 566 881 ipsum
589 803 707 864 solitum
738 822 803 864 esse
825 809 1037 872 narraverunt,
1067 805 1166 882 paruit
1194 821 1298 863 versus

152 922 239 964 more
262 909 351 983 atque
374 905 432 965 ritu
455 905 569 974 ursino,
593 912 626 966 ul
647 906 791 966 informes
812 904 963 985 rudesque
986 906 1083 984 primo
1102 891 1219 983 'ingenit
1241 906 1297 965 im·

151 1013 226 1085 petu
248 1007 372 1066 iactatos
394 1005 523 1068 limando
545 1006 686 1087 paulatim
710 1007 923 1084 tractandoque
946 1006 982 1068 ad
1005 1008 1076 1068 artis
1099 1008 1230 1088 speciem
1247 1025 1297 1068 ex·

153 1107 250 1187 polire
273 1107 396 1169 adsidue
419 1128 541 1188 operam
564 1099 657 1171 daret.

239 1210 395 1272 Nascentis
417 1213 562 1290 poematis
584 1211 686 1273 laudes
701 1213 877 1292 Propertius
900 1210 993 1290 elegia
1016 1211 1105 1292 paulo
1127 1219 1196 1291 post
1217 1231 1296 1274 mor·

154 1321 237 1374 tuum
267 1330 346 1373 anno
369 1310 430 1376 728
453 1313 623 1376 Cornelium
646 1313 760 1375 Gallum
789 1321 907 1395 poetam
939 1315 1050 1393 scripta
1072 1313 1112 1375 lll
1133 1309 1176 1375 34
1203 1313 1250 1392 (cl.
1273 1333 1297 1374 v.

152 1411 195 1475 91-
217 1434 262 1496 sq.
287 1422 316 1476 et
338 1415 457 1478 Cassius
479 1417 533 1478 Dio
555 1416 618 1478 Llll
639 1413 690 1497 23)
713 1416 761 1478 his
783 1416 891 1478 cecinit
913 1433 938 1476 v.
962 1412 1005 1478 59
1028 1434 1109 1497 sqq:

359 1591 401 1630 me
423 1576 496 1631 iuvet
518 1574 653 1630 hesternis
675 1575 796 1648 positum
817 1574 949 1647 languore
977 1575 1097 1637 corollis,

444 1676 525 1733 quem
549 1659 640 1733 tetigit
661 1659 734 1716 iactu
756 1667 848 1717 certus
871 1659 904 1715 ad
926 1677 988 1715 ossa
1010 1660 1085 1722 deus.

359 1743 434 1801 Actia
457 1743 606 1818 Vergilium
629 1745 750 1802 custodis
772 1744 854 1801 litora
876 1743 988 1807 Phoebi,

442 1829 564 1886 Caesaris
586 1837 613 1886 et
635 1829 722 1887 fortes
744 1830 834 1886 dicere
856 1847 938 1903 posse
961 1838 1042 1893 rates,

359 1916 406 1989 qui
429 1932 502 1971 nunc
523 1918 629 1972 Aeneae
652 1915 761 1972 Troiani
784 1915 901 1972 suscitat
922 1933 996 1972 arma

406 2051 410 2054 .
443 2001 567 2074 iactaque
589 2000 696 2058 Lavinis
718 2001 825 2056 moenia
848 2001 985 2058 litoribus.

360 2085 447 2142 cedite
469 2086 580 2142 Romani
604 2087 768 2159 scriptores,
793 2086 889 2142 cedite·
903 2086 979 2142 Grai:

442 2171 536 2227 nescio
561 2171 626 2246 quid
648 2172 735 2226 maius
757 2171 879 2228 nascitur
901 2171 988 2226 iliade.

156 2323 221 2382 Non
245 2321 325 2381 enim
336 2320 497 2400 ‘persuasit
509 2320 539 2382 G.
553 2319 722 2382 Heimreich
738 2321 767 2381 in
781 2327 906 2400 quaesit.
919 2321 1066 2400 l'ropertt.
1084 2322 1206 2382 Bonnae
1220 2320 1302 2384 1863

153 2422 241 2484 editis
253 2442 283 2503 p.
296 2418 339 2483 46
350 2439 413 2502 sqq.
429 2423 580 2484 coniciens
591 2421 786 2502 interpolatos
799 2441 864 2484 esse
878 2441 919 2483 vv.
933 2419 1069 2484 61-80.
1094 2424 1231 2485 Concedo
1253 2443 1298 2484 se·

154 2524 305 2604 parandos
323 2541 387 2586 esse
404 2526 453 2604 qui
469 2527 617 2603 integrum
634 2544 754 2586 carmen
770 2526 902 2586 elficiunt
915 2544 959 2585 vv.
979 2523 1092 2596 1-18,
1116 2534 1145 2587 et
1159 2529 1189 2586 in
1206 2525 1300 2587 altero

153 2626 234 2706 quod
256 2628 288 2686 in
310 2625 395 2688 libris
417 2626 589 2688 adiunctum
614 2635 658 2688 est
680 2627 816 2688 ordinem
839 2646 978 2689 versuum
995 2628 1201 2709 compluribus
1216 2627 1298 2697 locis,

154 2727 235 2790 velut
257 2729 355 2790 statim
379 2736 446 2808 post
470 2747 494 2789 r.
518 2726 559 2790 66
583 2727 623 2806 (id
645 2729 723 2809 quod
746 2728 970 2792 Lachmannum
1000 2750 1059 2791 non
1083 2731 1166 2810 sugit)
1190 2731 1299 2792 misere

152 2829 305 2892 turbatum
328 2838 358 2892 et
378 2830 494 2892 lacunis
523 2831 647 2892 sortasse
676 2829 837 2892 laceratum
867 2830 1007 2910 esse**):
1038 2833 1091 2895 sed
1120 2833 1195 2893 haec
1225 2851 1300 2913 quae

154 2952 245 3014 supra
274 2933 420 3013 descripsi
449 2952 502 2996 cur
530 2932 706 3012 displiceant
734 2933 807 2996 adeo
836 2953 895 2995 non
928 2933 1086 3013 intellego,
1123 2943 1155 2996 ut
1187 2934 1300 2995 heroici

153 3035 214 3097 stili
242 3037 416 3114 gravitatem
445 3037 604 3096 amatoriae
632 3035 770 3096 lasciviae
800 3037 911 3116 opponi
940 3035 984 3096 vel
1012 3042 1137 3117 propter
1160 3036 1300 3098 Varronis

153 3139 267 3200 Atacini
292 3137 461 3218 exemplum
483 3157 510 3199 v.
534 3133 576 3200 85
598 3137 727 3199 adlatum
751 3145 852 3216 putem
881 3139 1080 3199 necessarium
1104 3139 1205 3199 luisse.
1243 3139 1316 3210 Qui-

153 3259 222 3302 cum
245 3242 318 3302 item
340 3248 374 3302 ut
394 3239 543 3320 Vergilius
570 3247 690 3321 praeter
719 3240 825 3302 heroas
849 3248 878 3302 et
899 3249 1059 3321 praecepta
1087 3239 1191 3302 luserit
1219 3259 1299 3302 ama·

222 3476 252 3546 *)
270 3479 329 3532 Hos
348 3480 422 3530 intel·
439 3479 571 3530 tibicines
590 3477 734 3530 admodum
757 3479 960 3530 inconsiderate
983 3477 1095 3530 rettulit
1113 3477 1225 3530 Servius
1244 3479 1298 3530 ele-

155 3563 1296 3630 gmmmmmwfflmmmmmmmmmmmmfflmmw

154 3649 205 3712 (cf.
222 3651 357 3716 Wagneri
376 3655 482 3714 quaest.
496 3650 577 3715 Verg.
596 3651 663 3702 XXI
680 3650 709 3714 8)
728 3653 756 3700 et
773 3649 810 3700 VI
823 3651 880 3708 186,
899 3650 947 3700 ubi
959 3650 1070 3700 minime
1089 3654 1188 3700 ‘vacat
1203 3651 1298 3713 sorle’:

153 3751 221 3796 nam
237 3736 349 3786 fortuna
373 3734 565 3786 intercedente
588 3735 665 3801 ipsas
687 3751 785 3802 preces
807 3735 900 3786 statim
923 3739 1039 3787 secutae
1063 3738 1128 3784 sunt
1151 3750 1218 3785 avos
1243 3751 1299 3784 ma-

154 3826 260 3875 ternae.
473 3808 477 3813 ’
773 3813 776 3818 ’
1246 3887 1249 3894 .

206 3889 1251 3983 *ffOmmmmfflmmffmmmuuhffimmmmmmmmr

289 3987 334 4040 Sic
347 3988 412 4053 (Sed
429 3987 518 4055 vulg.)
536 4005 684 4054 numquam
702 3990 778 4042 vitae
797 3990 880 4041 fallet
901 4007 944 4041 me
963 4005 1031 4056 ruga
1050 4005 1179 4041 severae:

357 4090 451 4126 omnes
470 4075 526 4126 iam
544 4082 656 4140 norunt,
677 4091 760 4142 quem
779 4077 817 4126 sit
835 4091 929 4126 amare
946 4077 1057 4129 bonum.

289 4161 418 4226 Lynceus
436 4162 497 4226 ipse
515 4176 591 4212 meus
610 4177 686 4212 seros
704 4161 810 4212 insanit
828 4177 948 4212 umores:
975 4227 978 4232 Δ

355 4261 438 4296 serum
456 4241 548 4310 (solum
566 4243 655 4312 vulg.)
674 4251 701 4297 te
721 4249 830 4298 nostros
847 4246 938 4298 laetor
956 4245 1032 4297 adire
1051 4246 1115 4298 deos

154 4330 1295 4398 mmmmmmhmwemmmmmwfflmffl—wssmmsshbM.

154 4413 1296 4482 Wfflfflmhssmffimfflmffmfflmmssffiffiffl

154 4515 318 4569 quemquam
337 4502 378 4554 sic
397 4517 506 4568 quoque
524 4505 632 4554 restent
650 4501 780 4569 scrupuli.
