3212 5042
592 463 835 504 ruonmronnun.
1243 443 1283 510 {dl

133 629 238 695 cabula
264 629 300 690 ad
325 647 446 690 sensum
468 637 574 708 poetae
598 629 776 692 cilciendurn
791 631 994 702 definientem.
1019 632 1105 694 Iacile
1121 631 1194 695 mihi
1216 653 1284 714 per-⁴

132 735 264 804 suadeo,
302 752 318 794 a
347 731 485 792 Cornelio
514 732 599 794 Celso
628 731 678 792 illo
709 736 955 796 commentarium
986 733 1092 796 saltem
1122 738 1284 814 georgicon

133 839 280 918 scriptum
303 837 406 896 luisse.
451 834 513 895 Nec
535 853 640 896 vereor
663 853 700 896 ne
723 838 790 916 quis
818 837 906 898 hodie
929 839 1082 900 BIanconii
1109 847 1284 917 argumento

133 941 297 1023 quidquam
321 937 443 1006 tribuet,
473 937 638 1002 doctiorem
660 939 754 1001 videri
777 939 926 1000 medicum
949 941 1041 1001 luisse
1064 959 1152 1020 quarn
1175 943 1226 1021 qni
1248 941 1285 1002 ad

135 1040 364 1103 commentanda
387 1041 518 1101 carmina
541 1041 752 1103 descendisset.
797 1041 871 1102 Nam
888 1049 920 1104 ut
936 1043 1091 1112 concedas,
1116 1043 1153 1104 de
1169 1043 1281 1113 ciliciis,

135 1147 171 1206 de
194 1144 336 1223 capistris
359 1161 503 1223 equorum
528 1145 582 1226 (ge.
607 1143 646 1204 lll
670 1141 752 1220 188),
776 1145 813 1205 de
836 1143 1000 1205 retinendis
1022 1163 1078 1225 per
1100 1144 1231 1208 hiemem
1253 1148 1284 1208 in

137 1245 251 1310 stabulo
282 1246 387 1307 ovibus
416 1243 574 1325 (111296),
603 1246 640 1307 de
667 1247 755 1308 melle
783 1267 819 1308 ex
849 1265 919 1308 rore
945 1249 1089 1309 matutIno
1117 1249 1193 1309 lacto
1217 1267 1284 1311 eum

136 1351 205 1411 satis
234 1347 391 1410 commode
421 1351 452 1409 ln
479 1351 524 1410 rei
557 1351 686 1410 rusticae
714 1349 798 1411 libris
827 1351 959 1430 potuisse
986 1352 1026 1411 ita
1055 1349 1218 1422 disserere,
1253 1359 1286 1413 ut

137 1449 356 1514 versiculorum
385 1450 622 1530 Vergilianorum
651 1471 711 1513 non
740 1455 920 1514 mentionem
951 1460 1081 1523 tantum,
1112 1454 1164 1515 sed
1193 1455 1285 1535 expli-

136 1557 285 1618 cationem
306 1557 494 1625 inmisceret,
526 1562 559 1616 ut
580 1555 654 1616 adeo
684 1554 792 1635 largiar
814 1557 845 1616 in
873 1555 984 1617 eisdem
1011 1559 1114 1634 quaeri
1139 1561 1284 1638 potuisse,

138 1666 240 1720 utrum
262 1659 375 1719 rectius
398 1659 532 1736 germina
555 1676 591 1718 an
614 1660 748 1737 gramina
771 1677 840 1719 vere
870 1676 945 1719 novo
975 1677 1111 1721 crescere
1141 1661 1285 1730 dIcantur,

136 1771 234 1823 tamen
259 1759 297 1820 de
319 1757 550 1839 pallido'llorco
574 1768 624 1821 aut
646 1759 682 1820 de
706 1759 860 1822 ‘ohichus
883 1763 1013 1840 ruptis’,
1044 1763 1094 1842 qui
1117 1764 1147 1823 iu
1170 1763 1286 1842 dIgres·

136 1867 220 1925 sione
244 1881 261 1923 s
284 1863 398 1923 rustica
420 1853 574 1942 disciplina
598 1863 686 1944 longe
709 1843 804 1924 aliena
829 1861 961 1944 (11480)
991 1871 1209 1934 memorantur,
1240 1865 1285 1926 vix

137 1965 294 2047 probabile
324 1971 370 2026 est
397 1983 457 2025 non
484 1967 514 2026 in
543 1968 756 2028 commentario
791 1967 891 2046 aliquo
924 1969 1084 2046 georgicon
1120 1969 1286 2048 expositum

137 2071 240 2132 luisse.

224 2223 361 2299 Denique
390 2221 602 2294 Quintilianum
631 2223 695 2284 VIII
723 2223 753 2294 3,
783 2221 840 2294 47,
869 2209 919 2302 oui
948 2244 1007 2286 non
1035 2222 1142 2304 prohat
1170 2223 1287 2286 Celsum

142 2319 360 2406 κακέμφατον
382 2325 461 2404 apud
484 2323 648 2404 Vergilium
670 2329 820 2405 putavisse
842 2329 873 2388 in
896 2327 956 2388 his:
971 2309 974 2316 ⁴
991 2328 1153 2406 ‘incipiunt
1180 2329 1286 2406 agitata

138 2432 323 2490 tumescere'
348 2428 405 2508 (ge.
428 2423 546 2505 1357),
571 2445 749 2507 quamquam
772 2428 956 2508 probabihus
979 2436 1026 2490 est
1040 2429 1205 2490 rhetoricos
1222 2431 1286 2490 eius

137 2532 229 2594 libros
258 2530 441 2610 respicere,¹
465 2549 540 2610 quos
568 2538 598 2592 et
624 2532 654 2590 ln
683 2533 855 2592 universnm
877 2531 918 2592 Ill
942 2531 969 2602 1,
993 2529 1032 2592 21
1063 2531 1206 2601 laudavit,
1236 2531 1287 2593 nbi

138 2641 277 2696 auctores
307 2633 379 2694 artis
406 2640 466 2692 tarn
496 2632 626 2694 Graecos
656 2651 744 2713 quarn
772 2633 921 2696 Romanos
955 2643 1112 2696 enumerat
1139 2643 1168 2696 et
1197 2634 1286 2714 paulo

139 2744 206 2798 ante
237 2737 269 2796 ln
300 2734 404 2795 eodem
435 2737 532 2814 capite
554 2734 617 2796 VIII
639 2733 669 2805 3,
693 2730 735 2797 35
762 2716 909 2815 respexit,
939 2743 1037 2797 tamen
1067 2755 1102 2797 ex
1135 2736 1192 2797 hoc
1221 2739 1287 2816 ipso

139 2837 277 2918 exemplo
301 2838 372 2898 satis
394 2844 533 2918 apparet,
563 2856 651 2916 quam
675 2845 739 2898 arte
761 2837 891 2899 rhetoris
914 2845 944 2898 et
965 2839 1149 2916 grammadci
1173 2838 1218 2899 vel
1240 2841 1284 2900 in·

140 2943 282 3028 terpretIs
312 2940 442 3000 oihcium
471 2940 661 3000 coniunctum
689 2941 800 3013 luerit„
825 2948 858 3000 ut
885 2939 970 3002 lacile
999 2940 1132 3011 credam,
1169 2940 1286 3002 Celsum

139 3055 286 3111 nostrum,
311 3043 336 3103 si
359 3040 477 3118 quidem
501 3048 717 3102 commentatus
741 3049 786 3102 est
800 3043 947 3120 georgica,
972 3043 1059 3104 etiam
1081 3044 1111 3104 in
1135 3061 1286 3104 commen·

140 3148 214 3208 tario
244 3138 462 3224 κακέμφατον
491 3142 564 3203 illud
593 3145 747 3204 notavisse.
803 3145 884 3204 Inter
917 3143 1055 3230 rhetores
1084 3144 1204 3205 Latinos
1236 3141 1287 3222 qur

140 3256 241 3310 eatam
264 3245 302 3306 de
325 3245 382 3307 hoe
404 3247 474 3305 vitio
489 3253 709 3324 praeceperunt
730 3245 823 3306 Iulius
838 3248 938 3307 Victor
961 3265 985 3305 c.
1009 3243 1052 3305 20
1074 3265 1101 3325 p.
1126 3242 1197 3316 433,
1216 3243 1275 3306 tu

139 3352 303 3412 Martianus
326 3346 443 3428 Capella
466 3367 491 3409 e.
516 3343 559 3408 34
579 3367 608 3427 p.
632 3343 704 3416 475,
728 3345 771 3409 24
792 3348 826 3408 Η.
879 3347 1010 3408 Isidorus
1033 3347 1069 3408 de
1092 3347 1167 3408 rhet.
1197 3367 1221 3408 c.
1246 3344 1288 3410 20

141 3472 169 3534 p.
192 3450 266 3521 517,
291 3448 311 3512 9
334 3451 369 3512 Η.

223 3605 278 3666 His
302 3623 372 3665 vero
395 3604 510 3665 accedit
532 3605 611 3682 quod
634 3607 664 3665 ln
688 3605 801 3666 scholio
825 3623 860 3664 ex
883 3605 986 3665 codice
1009 3604 1226 3674 Lemou'censi,
1257 3608 1287 3666 ni

140 3709 241 3777 lallor,
279 3723 368 3784 quem
397 3707 572 3768 Vossianum
602 3726 668 3768 esse
696 3707 782 3768 Thilo
811 3727 887 3768 mus.
912 3707 1005 3767 Rhen.
1030 3706 1095 3767 XlV
1123 3707 1237 3777 docuit,
1270 3725 1286 3766 a

140 3811 228 3873 Petro
259 3807 380 3870 llaniele
409 3807 557 3870 Servianis
586 3809 621 3869 ad
650 3828 695 3888 ge.
720 3811 732 3870 l
757 3807 796 3870 12
824 3809 922 3870 addito
951 3808 1024 3869 haec
1052 3808 1207 3888 leguntur:
1239 3809 1286 3868 ‘iu

141 3911 258 3975 Cornel.
283 3910 646 3986 equom,inautl1entIco
670 3929 788 3988 aquom,
812 3914 905 3991 ipsius
928 3930 1018 3973 manu
1039 3916 1174 3988 equum)
1210 3911 1286 3984 Quid

141 4017 163 4077 si
193 4012 324 4082 Cornelii
355 4011 431 4074 Celsi
460 4015 554 4074 nostri
583 4014 734 4093 exemplar
762 4013 983 4092 Intellegamos,
1013 4016 1064 4093 qui
1091 4013 1139 4075 hic
1168 4031 1287 4093 quoque

141 4117 219 4195 quod
250 4115 415 4193 reliquerat
444 4125 531 4196 poeta
559 4118 589 4176 ln
617 4123 730 4177 textum
760 4135 846 4177 suurn
875 4117 1041 4196 receperit?
1072 4123 1227 4196 praeterea
1256 4117 1285 4174 in

141 4218 261 4281 scholiis
284 4217 487 4280 Beruensibus
510 4217 597 4278 editis
621 4239 636 4279 a
660 4220 690 4280 C.
715 4218 937 4289 W.'Illuellero,
963 4235 1038 4298 quae
1061 4221 1193 4298 poenItet
1214 4216 1286 4278 mihi

143 4341 208 4383 cum
231 4323 370 4399 georgica
394 4319 472 4380 edidi
499 4320 535 4380 ad
565 4339 670 4381 manus
693 4341 751 4382 non
781 4322 888 4390 luisse,
918 4331 1084 4382 memoratu
1113 4321 1285 4398 dignissima

143 4421 214 4483 haec
237 4429 353 4483 extant:
378 4422 414 4482 ad
437 4440 482 4500 ge.
507 4422 543 4482 IV
566 4420 614 4483 8r
630 4423 676 4482 ‘iu
700 4423 861 4484 Corniliani
883 4425 1049 4500 pulesccnt’
1075 4421 1117 4502 (ut
1137 4421 1183 4500 P),
1208 4421 1286 4482 ‘non

143 4527 310 4601 quiescunt’
336 4521 377 4603 (ut
398 4523 459 4601 M);
484 4524 520 4586 ad
545 4521 606 4586 120
628 4526 746 4606 ‘snpra
770 4524 894 4588 inelrrii’
919 4523 965 4605 (de
988 4543 1047 4606 quo
1070 4523 1128 4584 alio
1150 4521 1216 4582 Ioco
1240 4521 1283 4584 di·
