3212 5042
329 409 372 476 48
470 407 474 412 ’
778 431 1025 476 enonucocmmr.
1117 403 1122 410 ’

414 600 516 678 Itaque
534 618 595 662 non
608 599 777 678 negaverim
790 597 893 670 talem,
914 597 1032 678 qualem
1049 615 1129 659 nunc
1141 597 1301 668 hahemus,
1320 597 1436 662 aVario
1449 606 1479 660 et

330 702 429 764 Tucca
451 701 562 762 editum
586 719 650 762 esse
673 701 835 779 georgicon
862 699 973 762 librum
1003 701 1134 777 tertium.
1186 699 1245 760 Sed
1273 717 1345 761 num
1375 700 1478 761 eadem

329 805 361 866 in
383 805 485 884 priore
508 803 637 864 editione
659 801 696 864 ab
718 803 784 882 ipso
800 802 930 881 Vergilio
953 808 1054 864 curata
1078 801 1239 872 extiterint,
1264 800 1320 862 alia
1342 803 1478 882 quaestio

331 913 383 968 est.
417 905 525 967 Pulcre
541 905 629 975 enim,
653 905 685 965 ni
706 903 802 976 fallor,
826 903 964 966 concludi
978 909 1098 984 poterat
1112 901 1300 984 pestilentiae
1316 903 1477 984 descriptio
1530 974 1533 982 ,

329 1007 482 1068 sententiis
504 1001 687 1078 520-530,
716 1005 838 1094 quibus¹
852 1006 932 1068 ultro
961 1011 1094 1067 coortam
1122 1023 1179 1066 nec
1206 1012 1257 1067 aut
1280 1006 1405 1084 segnitie
1428 1012 1478 1065 aut

329 1107 456 1188 luxuria,
469 1107 561 1188 quali
583 1107 720 1170 homines
742 1115 878 1187 pereunt,
911 1113 1092 1169 contractam
1115 1123 1258 1186 pecorum
1281 1105 1379 1168 tabem
1402 1105 1475 1167 mol·

329 1212 397 1277 liter
419 1213 554 1291 queritur
575 1216 673 1290 poeta,
697 1210 749 1289 qui
771 1215 800 1269 et
821 1210 952 1288 primurn
975 1217 1005 1270 et
1027 1207 1191 1270 secundum
1212 1207 1322 1270 librum
1338 1207 1478 1288 querellis

328 1313 371 1374 do
387 1331 458 1374 suae
480 1313 584 1374 aetatis
606 1311 759 1376 hominurn
785 1312 863 1371 vitiis
888 1317 918 1372 et
933 1309 1107 1372 libidinibus
1121 1311 1223 1372 finivit.
1251 1311 1357 1372 Postea
1373 1309 1478 1372 ludens

329 1415 408 1476 curis
441 1413 579 1476 secundis
612 1420 709 1494 potest
740 1412 886 1493 quaedam
914 1413 1148 1493 amplificavisse,
1182 1414 1282 1493 itaque
1315 1411 1352 1472 ad
1375 1411 1477 1472 relicta

329 1533 420 1596 opere
441 1516 473 1576 in
495 1515 595 1576 medio
618 1525 647 1576 ct
668 1513 809 1576 destituta
831 1521 929 1576 aratra
956 1533 982 1576 v.
998 1511 1061 1578 519
1077 1514 1244 1576 adiunxisse
1267 1531 1293 1574 v.
1308 1509 1478 1576 534—536

330 1620 422 1694 erqo
444 1634 534 1695 aegre
557 1617 659 1678 rastris
681 1623 792 1678 terram
814 1618 978 1678 rimantur'
1002 1635 1027 1677 e.
1052 1635 1081 1696 q.
1104 1634 1145 1686 s.,
1175 1633 1250 1695 quae
1277 1621 1377 1676 tamen
1400 1616 1426 1674 si
1447 1615 1477 1674 in

330 1721 428 1812 ipsum
452 1725 563 1809 textum
586 1719 679 1780 inseri
701 1717 849 1788 voluisset,
874 1736 975 1780 versus
989 1714 1053 1780 520
1068 1734 1156 1798 sqq.
1157 1718 1296 1778 omittere
1312 1715 1475 1778 debuisset.

329 1805 403 1881 ltern
427 1799 516 1880 boum
540 1819 688 1882 delectum
710 1826 813 1900 postea
840 1819 1000 1882 illustravit
987 1826 1060 1880 tv.
1075 1814 1260 1889 531-533,
1294 1819 1346 1898 qui
1374 1836 1476 1898 quarn-

329 1941 417 2003 quam
439 1940 499 1984 non
521 1923 593 1982 satis
615 1923 721 1982 conexi
745 1939 813 1984 cum
835 1923 942 1983 ceteris
957 1920 1009 1982 uhi
1030 1919 1120 1982 hodie
1135 1919 1275 2000 leguntur
1290 1919 1395 1982 saltem
1417 1937 1477 1980 non

329 2023 452 2085 turbant
473 2023 620 2085 ordinem.
675 2023 751 2086 Hinc
784 2030 883 2086 autem
913 2030 948 2085 eo
979 2024 1137 2104 processit,
1166 2030 1199 2084 ut
1226 2022 1365 2084 silvarum
1390 2022 1477 2082 etiam

329 2126 408 2187 teras
431 2133 461 2186 et
482 2127 575 2188 maris
602 2124 719 2205 prolem
752 2132 781 2186 et
807 2143 919 2204 angues
940 2135 1009 2188 tam
1039 2131 1200 2186 terrestres
1226 2141 1316 2204 quam
1348 2123 1477 2184 marinas

330 2235 360 2289 et
382 2245 450 2288 aves
472 2227 600 2308 denique
623 2227 728 2290 morbo
752 2235 907 2306 correptas
921 2231 1124 2297 memoraret,
1154 2226 1388 2288 enumerationis
1405 2219 1475 2284 'dili-

329 2331 428 2408 gentia
450 2328 499 2390 illa
523 2329 651 2409 quidem,
676 2348 763 2409 quam
786 2329 882 2390 fateor
905 2328 1018 2390 Seneca
1049 2339 1078 2388 et
1099 2326 1220 2388 rhetore
1243 2328 1336 2406 magis
1358 2326 1477 2405 dignam

329 2431 423 2492 videri
451 2449 540 2512 quam
561 2431 695 2510 perlecto
718 2439 815 2511 poeta.
865 2430 939 2492 Nam
962 2432 1033 2494 satis
1055 2435 1122 2510 apte
1145 2429 1182 2490 ad
1203 2428 1254 2490 illa
1281 2427 1370 2506 ‘quid
1392 2427 1477 2488 labor

329 2540 381 2594 aut
392 2531 545 2594 benefacta
557 2535 683 2594 iuuant?
697 2528 831 2612 (525)...
849 2531 1006 2593 frondibus
1018 2533 1136 2592 etvictu
1148 2537 1325 2608 poscuntur
1335 2529 1478 2610 simplicis

329 2633 458 2696 herbae'
482 2630 607 2714 (528le.
625 2651 655 2711 q.
670 2652 693 2695 s.
709 2650 804 2712 usque
821 2633 857 2694 ad
872 2629 936 2695 530
958 2633 1105 2696 accedunt
1119 2633 1207 2694 haec:
1233 2637 1406 2712 praeterea
1421 2649 1477 2692 nec

307 2727 309 2730 ’
329 2737 438 2798 mutari
449 2737 506 2796 iam
514 2735 758 2812 pabulorefert’
772 2731 853 2816 (548)
871 2754 898 2796 e.
916 2755 984 2815 qs.
1008 2735 1045 2798 Et
1056 2735 1103 2796 his
1113 2735 1249 2816 'opposita
1261 2741 1332 2796 sunt
1348 2751 1475 2813 sequen·

331 2839 370 2898 tia
384 2832 562 2908 ool-566,
586 2852 662 2914 quae
684 2837 769 2898 firme
791 2837 960 2907 cohaerent,
985 2838 1043 2898 nisi
1065 2836 1144 2917 quod
1159 2832 1223 2898 554
1238 2854 1282 2916 sq.
1306 2837 1407 2897 nescio
1423 2854 1477 2897 cur

329 2939 456 3002 immixti
478 2939 549 2999 sint.
598 2937 672 2999 Nam
701 2936 818 3000 balatus
840 2940 1020 3018 etmugitus
1049 2939 1292 3000 commemoratio
1319 2937 1486 3029 postxlanr
1601 2941 1602 2946 ’

330 3041 484 3120 guentium
506 3040 756 3120 morientiumque
777 3059 920 3120 pecorum
943 3041 1182 3120 descriptionem,
1206 3057 1283 3120 quae
1305 3039 1342 3100 ad
1365 3057 1391 3100 v.
1414 3035 1476 3102 517

330 3162 424 3224 usque
446 3141 565 3220 legitur,
588 3160 650 3204 non
672 3150 771 3222 potest
791 3161 852 3204 non
873 3141 1005 3204 taedium
1028 3161 1148 3203 movere
1170 3159 1226 3204 nec
1239 3140 1359 3221 placent
1374 3159 1477 3202 amnes

333 3248 431 3310 ovium
454 3252 484 3306 et
506 3243 594 3306 boum
619 3243 799 3306 clamoribus
820 3251 969 3306 sonantes.
1020 3244 1122 3324 ltaque
1143 3243 1198 3304 hos
1220 3242 1295 3306 duos
1317 3241 1477 3306 versiculos

331 3349 357 3408 si
381 3348 448 3427 quis
471 3346 593 3425 Vergilii
615 3365 674 3408 non
698 3365 763 3407 esse
786 3344 982 3414 contenderit,
1006 3358 1078 3406 non·
1089 3347 1183 3407 ausim
1206 3344 1377 3406 detondere.

417 3449 553 3510 Ceterum
577 3449 663 3509 amici
685 3447 807 3526 Vergilii
828 3448 946 3508 relictas
967 3447 1092 3508 schedas
1115 3466 1150 3508 co
1173 3447 1277 3510 ordine
1299 3463 1475 3526 composue-

331 3558 409 3621 runt,
434 3551 485 3630 qui
506 3549 588 3611 solus
610 3549 795 3628 aliquatenus
818 3548 936 3612 tolerari
960 3558 1078 3628 posset,
1101 3551 1127 3610 si
1149 3548 1267 3630 quidem
1289 3566 1350 3610 uno
1372 3556 1477 3609 tenore

332 3653 431 3712 omnia
460 3650 741 3732 comprehendenda
770 3657 877 3712 essent.
933 3650 1017 3722 Quod
1045 3653 1153 3714 sentiet
1180 3653 1231 3729 qui
1263 3648 1476 3730 transponendi

332 3752 497 3834 periculum
520 3753 635 3815 iecerit.
687 3753 798 3815 Eiectis
831 3752 950 3831 quidem
983 3752 1028 3814 his
1051 3753 1118 3828 ,ittts
1140 3752 1252 3834 duplici
1280 3753 1369 3816 modo
1397 3755 1477 3815 finiri

332 3861 450 3934 poterat
473 3854 548 3916 liber
570 3854 616 3916 vel
638 3857 680 3917 sic

484 3954 558 4019 519.
580 3953 761 4019 534-536.
784 3954 964 4020 531-533,
986 3953 1166 4020 sat-547.

334 4055 379 4117 vel
401 4058 443 4117 sic

485 4155 559 4220 519.
581 4124 761 4222 5204530.
784 4156 965 4223 548-550.
988 4157 1166 4222 551-553.
1190 4155 1370 4222 556-566.

754 4416 1056 4424 ——n—-a——n—-n—
