3212 5042
295 389 336 456 58
746 415 987 460 15515555511.

295 585 370 645 15115
386 582 526 652 55151155,
551 585 701 664 aptissime
726 587 879 666 utriusque
903 595 1008 666 poetae
1025 588 1170 648 memoria
1192 585 1439 664 coniungebatur.

294 689 433 750 Ceterum
458 708 483 748 1.
500 684 540 748 61
565 708 608 768 sq.
634 697 755 767 apparet
778 709 839 750 555
862 690 1046 752 adActiacae
1068 708 1194 768 pugnae,
1218 689 1311 770 qualis
1334 693 1364 751 in
1387 691 1439 751 cli·

294 809 350 868 555
361 789 478 850 Aen'eae
494 792 588 869 posita
605 792 696 852 luisse
712 799 852 853 narratur
868 788 1008 853 vl11675
1024 810 1100 872 sqq..
1117 795 1275 871 imaginem
1293 800 1439 871 spectare,

293 893 346 954 sed
369 893 405 953 ad
428 881 576 970 integrum
600 893 672 954 illud
696 912 816 972 poema,
845 893 922 974 quod
947 893 1017 954 olim
1040 883 1220 973 promissum
1243 902 1275 954 ut
1297 895 1441 974 ampliore

294 995 382 1056 modo
405 1014 494 1076 quarn
517 997 627 1056 iactum
651 1004 694 1056 est
717 1015 784 1056 curn
806 995 945 1058 Aeneidis
961 995 1060 1057 fabula
1076 998 1330 1058 contaminaretur
1353 998 1440 1060 etiam

296 1106 368 1158 tunc
390 1096 613 1177 expectabatur.

381 1201 509 1280 Accepta
532 1202 621 1278 igitur
651 1201 718 1261 5511
742 1203 841 1278 operis
871 1202 948 1264 larua
972 1220 1048 1263 anno
1079 1199 1208 1263 151128
1233 1199 1441 1264 151729115-

295 1311 399 1380 gustus
422 1321 489 1363 cum
506 1303 648 1364 adversus
664 1302 826 1364 Cantabros
841 1301 953 1364 bellum
974 1313 1102 1381 gereret,
1128 1303 1331 1383 ‘supplicibus
1353 1313 1441 1382 atque

299 1407 386 1464 etiam
411 1405 576 1466 minacibus
600 1423 653 1484 per
675 1407 773 1466 iocum
788 1405 896 1466 litteris
912 1406 1101 1484 efflagitabat,
1126 1415 1158 1467 ut
1174 1406 1232 1468 sibi
1248 1405 1285 1467 de
1301 1406 1440 1475 Aeneide,

295 1515 327 1566 ut
348 1509 442 1586 ipsius
465 1506 553 1567 verba
578 1515 660 1575 sunt,
693 1507 737 1566 vel
766 1509 860 1586 prima
889 1509 1030 1568 carminis
1057 1507 1249 1588 hypographa
1279 1508 1325 1569 151
1348 1507 1441 1586 quod-

294 1608 367 1669 libet
390 1608 476 1678 colon
499 1610 651 1668 mitteret'
675 1608 830 1688 Vergilius.
857 1609 972 1690 (Donat.
996 1629 1023 1688 p.
1049 1608 1100 1680 61,
1127 1607 1166 1669 14
1188 1609 1271 1690 W).
1308 1610 1344 1670 ut
1366 1609 1442 1670 tales

295 1713 416 1772 luerunt
444 1709 587 1788 epistolae
610 1711 749 1788 Augusti,
781 1729 853 1788 quas
885 1711 993 1788 dialogi
1021 1711 1057 1772 de
1080 1731 1124 1773 or.
1151 1710 1189 1773 13
1218 1719 1321 1772 auctor
1350 1718 1442 1772 testes

296 1831 363 1873 esse
386 1812 465 1881 dicit,
490 1820 598 1888 quanta
622 1813 699 1892 apud
723 1811 806 1873 illurn
822 1815 915 1892 gratia
933 1813 1068 1874 floruerit
1084 1823 1180 1893 poeta,
1205 1830 1339 1890 quasque
1355 1811 1440 1874 Clau·

295 1915 402 1975 elianus
424 1916 455 1974 in
478 1915 562 1992 epist.
586 1913 621 1974 ad
649 1913 803 1995 Olybrium
827 1923 1041 1976 commemorat
1064 1934 1089 1974 1.
1112 1912 1153 1976 23
1181 1915 1337 1993 ‘dignatus
1359 1916 1441 1975 tenui

238 2008 242 2014 ’
296 2018 404 2078 Caesar
433 2017 589 2094 scripsisse
612 2017 753 2078 lllaroni'.
794 2016 879 2078 Unde
903 2018 991 2077 etiam
1015 2017 1092 2096 apud
1115 2018 1300 2078 Priscianum
1324 2035 1352 2095 p.
1377 2013 1438 2076 901

295 2137 388 2198 pauca
409 2117 500 2178 verba
524 2126 662 2198 excerpta
690 2128 772 2188 sunt,
805 2121 855 2196 qui
883 2119 1025 2179 laudavit:
1057 2119 1183 2180 ‘Caesar
1211 2119 1248 2179 ad
1272 2117 1440 2196 Virgilium:

296 2221 492 2280 excucurristi
515 2220 704 2298 alleapoli.'
754 2221 867 2293 Quibus
891 2238 965 2297 51155
987 2223 1143 2300 rescripsit
1164 2229 1252 2298 poeta
1275 2237 1368 2299 pauca
1391 2237 1440 2278 ex·
1537 2225 1539 2234 ’

295 2321 380 2381 hibet
402 2321 480 2400 apud
504 2321 686 2382 Macrobium
711 2323 770 2382 Sat.
795 2319 880 2391 124,
907 2321 943 2382 11
977 2323 1140 2382 admirator
1163 2321 1349 2400 multiplicis,
1382 2339 1441 2399 qua

295 2423 381 2503 plena
405 2425 511 2484 Aeneis
535 2431 593 2493 est,
618 2424 770 2484 doctrinae
793 2423 1004 2504 Symmachus:
1040 2427 1113 2501 ‘ego
1137 2442 1207 2483 vero
1230 2425 1402 2502 trequentes
1425 2441 1441 2482 a

296 2533 324 2584 tc
347 2524 459 2584 litteras
482 2527 612 2600 accipio'
637 2534 666 2584 et
687 2509 763 2586 15115
786 2526 841 2585 ‘de
864 2528 961 2586 Aenea
977 2525 1105 2603 ,quidem
1130 2544 1211 2593 11155,
1244 2525 1269 2584 51
1292 2521 1441 2584 mehercle

296 2627 353 2686 iam
377 2623 499 2702 ¹dignum
523 2627 645 2688 auribus
669 2626 810 2687 haberem
833 2629 908 2695 tuis,
937 2627 1065 2687 libenter
1093 2629 1253 2686 1511151515.
1288 2625 1340 2686 sed
1362 2632 1442 2685 tanta

296 2726 435 2787 incohata
462 2745 512 2787 155
541 2736 602 2797 551,
633 2735 666 2787 51
687 2747 782 2807 paene
810 2730 880 2788 vitio
908 2731 1017 2789 mentis
1046 2737 1257 2806 tantun1·opus
1286 2729 1440 2804 ingressus

296 2828 369 2888 mihi
391 2809 505 2898 videar,
535 2847 601 2889 curn
625 2831 820 2908 praesertim,
850 2838 882 2890 ut
905 2831 977 2898 scis,
1007 2829 1062 2890 alia
1085 2849 1201 2909 quoque
1224 2828 1321 2889 studia
1348 2826 1384 2887 ad
1413 2827 1440 2886 id

296 2927 878 3010 555515511555555115151555111512
931 2932 1013 3004 Quae
1043 2932 1193 3010 supposita
1222 2948 1288 2990 esse
1312 2927 1442 3006 Vergilio

297 3011 346 3091 111
369 3031 577 3110 suspicabitur,
602 3035 651 3110 qui
673 3034 845 3093 meminerit
868 3051 942 3110 quae
965 3034 1078 3095 Seneca
1091 3039 1185 3111 „pater
1204 3039 1336 3092 controv.
1361 3027 1442 3091 1118

297 3153 327 3214 p.
352 3131 413 3194 361
437 3133 470 3194 B.
494 3135 629 3213 scripsit:
655 3133 846 3195 ‘Ciceronem
870 3134 1036 3212 eloquentia
1061 3136 1165 3194 suain
1189 3131 1369 3194 carminibus
1392 3131 1442 3192 de·

300 3236 403 3306 stituit,
427 3235 590 3313 Vergilium
611 3235 661 3296 illa
684 3235 810 3298 felicitas
831 3238 943 3314 ingenii
966 3239 996 3296 15
1019 3238 1152 3296 51511555
1174 3234 1270 3295 551515
1293 3233 1441 3312 reliquit'

381 3335 508 3398 ‘Multo'
533 3337 653 3409 demum
677 3344 762 3417 ‘post
791 3339 1000 3417 perfectaque'
1029 3339 1088 3398 iam
1119 3337 1259 3398 ‘materia
1287 3343 1349 3396 tres
1379 3352 1441 3394 551-

297 3440 368 3500 11155
397 3437 508 3498 libros'
537 3440 683 3508 recitavit,
713 3442 875 3500 secundum
906 3445 1047 3516 quartum
1074 3446 1208 3516 sextum,
1239 3444 1272 3497 ut
1299 3435 1442 3497 Suetonio

298 3547 422 3601 auctore
444 3539 576 3600 Donatus
603 3559 632 3618 p.
658 3537 708 3610 62,
734 3540 751 3600 1
774 3540 809 3602 R.
841 3548 981 3610 testatur,
1010 3559 1138 3619 quocum
1167 3539 1204 3600 de
1233 3545 1341 3616 quarto
1370 3555 1441 3598 con·

298 3643 390 3702 sentit
411 3641 533 3702 Servius
556 3640 592 3700 ad
614 3644 686 3703 Aen.
710 3641 763 3702 llll
785 3639 848 3702 324
870 3642 1029 3703 adnotans:
1055 3641 1181 3702 ‘dicitur
1203 3649 1302 3702 autem
1329 3639 1444 3716 ingenti

297 3744 407 3804 allectu
429 3743 484 3803 hos
508 3762 611 3804 1515115
634 3745 851 3823 pronuntiasse,
876 3763 942 3805 curn
966 3745 1102 3823 privatim
1112 3744 1220 3823 ,paucis
1235 3739 1444 3821 praesentibus

297 3847 437 3906 recitaret
458 3847 601 3922 Augusto.
636 3865 704 3908 nam
728 3847 862 3907 recitavit
883 3847 1013 3926 primum
1036 3843 1129 3906 libros
1158 3847 1276 3905 tertium
1299 3850 1443 3918 515551-

295 3955 357 4008 tom
382 3949 401 4025 (“
411 3947 549 4026 primum,
573 3948 693 4008 tertium
718 3955 747 4008 et
769 3953 925 4024 quartum'
949 3947 1051 4026 Steph.
1076 3948 1223 4026 ‘primum
1240 3944 1442 4024 etquartum'

297 4048 381 4109 lleill.
404 4046 456 4108 sed
481 4046 600 4110 codices
622 4067 682 4110 non
704 4051 818 4110 variare
840 4056 966 4110 testatur
988 4046 1094 4128 Thilo).

366 4302 389 4368 ¹¹)
409 4304 487 4354 Idem
505 4305 534 4353 in
552 4304 637 4354 Probi
656 4303 852 4354 commentario
870 4302 979 4353 videtur
997 4307 1139 4352 narratum
1159 4301 1260 4364 luisse,
1284 4301 1362 4350 ouius
1385 4314 1445 4349 mu·

298 4389 394 4440 tilatus
417 4389 494 4440 loeus
512 4405 537 4456 p.
558 4392 599 4451 53,
620 4392 649 4438 11
669 4389 701 4442 R.
726 4389 771 4438 1115
796 4391 887 4438 extat:
917 4385 1059 4438 ‘Aeneida
1080 4387 1222 4452 ingressus
1244 4384 1444 4436 1511505515-

299 4475 400 4526 brico’.
