3212 5042
577 415 819 462 rnortneonsun.
1228 393 1269 458 29

18 603 19 648 f
121 587 169 650 fris
199 589 337 668 quamvis
366 585 487 646 incertis
518 592 548 645 et
579 585 714 647 obscuris
748 585 910 646 memoriae
939 587 1071 664 vestigiis
1103 584 1271 665 deprehen-

18 751 19 754 ,
122 691 201 751 disse
239 690 314 750 mihi
350 688 462 749 videor.
526 687 584 748 Sed
626 689 724 768 ipsum
762 687 959 762 'luccam-et
994 687 1114 748 Varium
1155 695 1273 767 praeter

122 792 254 853 Aeneida
280 799 309 852 et
332 789 450 869 eclogas
479 797 507 850 ct
529 791 668 868 georgica
691 789 821 851 edidisse
851 808 886 850 ex
909 789 956 850 his
984 791 1059 850 ritae
1081 789 1180 851 verbis
1203 792 1274 851 satis

18 937 19 962 ;
125 894 316 955 confidenter
349 893 509 954 concludo:
544 895 694 954 ‘ceterum
728 891 824 952 eidem
847 893 936 953 Vario
970 911 1003 953 ac
1039 891 1127 953 simul
1154 893 1272 953 'luccae

125 999 237 1076 scripta
261 1014 315 1056 sua
339 994 394 1056 sub
419 1015 452 1056 ea
475 993 651 1056 condicione
673 993 788 1072 legavit,
812 994 942 1074 nequid
966 995 1090 1056 ederent
1112 994 1189 1072 quod
1213 1014 1272 1055 non

125 1118 138 1158 a
162 1118 196 1159 se
220 1097 334 1158 editum
358 1101 469 1168 essct’‚
495 1097 602 1174 quibus
624 1104 658 1156 ut
681 1096 757 1156 edita
781 1095 817 1157 ab
840 1097 906 1175 ipso
928 1098 1065 1174 georgica
1089 1105 1117 1157 et
1140 1097 1272 1158 bucolica

124 1203 233 1261 iterum
259 1200 384 1260 ederent
405 1207 520 1281 tantum
543 1218 606 1260 non
628 1201 748 1260 iussisse
771 1198 887 1258 videtur
910 1200 1021 1259 amicos
1044 1191 1197 1278 Vergilius.
1236 1201 1275 1261 Ut

126 1301 284 1364 scholiasta
308 1319 397 1380 quem
421 1321 509 1382 supra
539 1301 654 1362 laudavi
676 1301 896 1362 Lemovieensis
925 1301 1145 1361 ‘authenticum
1175 1319 1273 1362 exem-

126 1405 209 1484 plar'
234 1404 272 1465 ab
295 1407 361 1484 ipso
383 1411 470 1484 poeta
493 1405 577 1482 prius
601 1403 726 1473 editum,
758 1403 869 1482 ‘ipsius
891 1406 1030 1464 manum'
1053 1421 1115 1463 eam
1139 1403 1274 1463 intellex-

129 1510 187 1568 isse
215 1506 367 1586 putandu's
396 1508 447 1575 sit,
486 1523 561 1582 quae
591 1505 713 1571 alteram
737 1506 902 1566 carminum
931 1506 1136 1566 recensionem
1164 1507 1273 1585 passim

127 1609 265 1688 adgressa
289 1610 336 1669 sit.

208 1713 289 1790 Ergo
323 1729 383 1771 non
416 1709 545 1772 debebat
576 1709 780 1781 Marklandus,
815 1711 863 1791 qui
897 1711 1060 1790 perfectam
1094 1709 1152 1771 dici
1186 1728 1273 1790 posse

126 1814 254 1876 Aeneida
278 1814 396 1874 fortiter
420 1814 537 1892 negavit
558 1814 589 1872 in
612 1813 796 1892 praefatione
819 1812 855 1874 ad
879 1812 963 1872 Statii
986 1795 1094 1882 silvas,⁵
1119 1813 1155 1873 de
1185 1831 1272 1892 geor·

127 1919 197 1993 giris
226 1915 387 1993 benignius
416 1915 592 1976 concedere.
642 1914 799 1984 Etlaetor
822 1913 1050 1994 Peerlkampum
1080 1915 1224 1976 Mnemos.
1250 1916 1275 1975 X

129 2015 186 2078 123
213 2036 334 2078 mecum
363 2019 406 2078 sic
434 2025 580 2086 statuere,
615 2035 773 2096 numquam
803 2017 925 2078 desiisse
948 2015 1108 2110 Vergilium
1138 2019 1275 2095 georgica

127 2119 200 2181 licet
217 2119 351 2181 absoluta
375 2126 404 2178 et
428 2119 506 2180 edita
529 2120 675 2197 castigare
706 2119 792 2180 etad
814 2121 1029 2200 perfectionem
1052 2119 1146 2196 magis
1169 2121 1274 2196 magis·

131 2241 185 2300 que
208 2222 367 2284 adducere.

210 2326 304 2386 Cuius
326 2331 426 2385 tamen
450 2325 614 2386 sententiae
638 2324 717 2402 quod
740 2325 804 2405 ipse
827 2325 922 2386 ascire
946 2323 1002 2384 sihi
1025 2325 1104 2385 visus
1128 2331 1172 2386 est
1196 2327 1275 2385 testi-

129 2428 259 2487 monium
282 2425 369 2486 nihili
391 2424 496 2487 habeo.
534 2424 602 2486 Vult
624 2427 701 2486 enim
727 2426 803 2506 apud
820 2425 954 2486 Servium
978 2425 1013 2486 ad
1037 2445 1082 2504 ge.
1099 2425 1111 2486 l
1128 2422 1277 2487 11211111

127 2529 200 2607 legi:
239 2531 289 2588 ‘et
319 2535 364 2588 est
387 2527 501 2605 Virgilii
530 2527 588 2587 hoc
611 2527 830 2614 hemistichium
852 2547 944 2589 unum
974 2527 1010 2588 de
1038 2530 1182 2589 induetis'
1212 2531 1276 2608 (pro

130 2629 287 2709 ‘invictis’l
313 2626 678 2692 111111111190111
701 2638 746 2691 cst
768 2649 858 2690 unum
883 2630 919 2690 de
942 2631 988 2691 his
1010 2649 1085 2708 quae
1107 2630 1276 2692 lrabetVir·

131 2733 216 2812 gilius
238 2734 454 2794 immutabilia’
478 2732 542 2811 (pro
564 2733 811 2808 ‘inimitabiliu')‚
842 2731 1049 2812 quodfalsum
1080 2751 1145 2793 esso
1169 2733 1277 2793 docent
1353 2798 1354 2802 ,

127 2838 221 2897 statim
260 2833 417 2896 subiuncta
455 2838 500 2893 ‘et
534 2851 589 2895 suu
619 2839 759 2910 propriu.
798 2834 857 2895 tale
886 2841 932 2894 est
960 2833 1033 2894 illud
1071 2852 1115 2912 ge.
1145 2835 1184 2894 lll
1215 2831 1275 2894 192

126 2941 195 2999 item
219 2939 232 2998 l
259 2934 351 2997 1132
402 2937 510 2996 Statuit
542 2937 655 2997 scilicet
676 2935 889 3017 Peerlkampus
910 2955 939 3016 p.
966 2933 1024 2996 121
1054 2937 1111 2998 1111
1139 2938 1213 2998 hacc
1240 2937 1296 2997 dc=

128 3039 292 3120 exemplari
313 3039 408 3117 ipsius
423 3038 553 3116 Vergilii,
577 3041 607 3100 in
631 3057 689 3116 quo
712 3039 768 3098 alia
792 3039 897 3110 deleta,
921 3041 1120 3118 suprascripta
1138 3039 1202 3109 alia,
1226 3039 1276 3099 de·

130 3146 220 3222 nique
244 3141 301 3202 alia
324 3140 446 3200 inducta
469 3140 595 3208 fuerint,
628 3149 657 3200 et
684 3141 806 3201 inducta
833 3143 873 3201 ita
901 3148 934 3201 ut
956 3149 1006 3200 aut
1033 3141 1157 3201 meliora
1187 3159 1275 3220 supra

131 3245 287 3326 scripserit
315 3249 374 3312 aut,
399 3261 465 3302 cum
487 3242 613 3322 meliora
637 3245 736 3303 statim
759 3261 819 3303 non
841 3245 1001 3313 inveniret,
1036 3251 1135 3304 vetera
1170 3249 1275 3323 ‘repo-

132 3343 289 3424 suerit’*).
322 3344 403 3414 Quae
418 3345 508 3422 igitur
523 3345 642 3412 inducta
657 3353 844 3425 reposuerat,
868 3363 935 3406 cum
953 3345 1021 3422 quid
1039 3345 1278 3424 suprascriberet

129 3467 187 3508 uon
211 3466 246 3507 se
270 3444 442 3515 obtulisset,
472 3449 668 3508 immutabilia
690 3467 705 3508 a
729 3448 928 3526 grammaticis
951 3447 1018 3506 dici.
1069 3448 1211 3508 Profecto‘
1230 3467 1275 3526 ge.

130 3551 168 3610 lll
193 3545 256 3610 192
286 3549 337 3624 qui
367 3547 460 3608 semel
488 3549 614 3618 invenit,
645 3569 705 3611 non
734 3550 908 3610 inducturus
936 3549 979 3608 vel
1008 3557 1175 3630 mutaturus
1203 3559 1274 3612 erat.

133 3652 206 3724 Quid
230 3653 262 3712 in
285 3651 298 3709 l
322 3646 382 3709 113
405 3656 559 3729 tantopere
588 3651 724 3712 admirati
753 3655 828 3723 sint,
861 3670 900 3712 no
928 3651 1001 3712 milri
1029 3653 1147 3729 quidem
1175 3653 1276 3731 liquet,

129 3755 179 3814 sed
208 3750 392 3816 admirabilis
420 3751 538 3812 videtur
567 3772 593 3813 v.
619 3749 688 3814 112.
741 3753 805 3814 Nisi
832 3756 909 3814 forte
938 3755 968 3813 in
996 3753 1186 3815 hemistichio
1217 3755 1276 3816 113

130 3855 355 3917 admirabantur
378 3872 520 3914 numeros
549 3862 578 3914 et
607 3875 748 3916 sonorum
776 3863 1044 3936 temperamentum
1074 3857 1276 3920 felicissimum

127 3958 283 4034 quoddam.
309 3957 447 4018 Ceterum
461 3955 683 4018 ‘inimitabilia'
702 3959 818 4037 possint
836 3959 924 4018 etiam
945 3959 1002 4018 dici
1014 3977 1088 4036 quae
1101 3978 1138 4019 ne
1152 3961 1276 4022 imiteris

127 4060 286 4120 cavendum
305 4061 351 4128 sit,
370 4059 427 4118 nisi
442 4056 513 4118 illud
530 4058 586 4152 fde
602 4061 734 4120 invictis’
756 4066 834 4120 vetet
850 4079 887 4120 ne
904 4060 1105 4140 κακοζηλίαν
1120 4063 1201 4122 intell
1236 4083 1267 4124 a·

129 4259 179 4268 ⁸*
195 4263 426 4270 *-——

192 4394 217 4457 *l
242 4395 355 4448 Servius
375 4413 417 4462 ge.
439 4401 450 4449 I
470 4399 503 4448 64
521 4401 616 4466 primis
636 4401 774 4467 extemplo
794 4403 969 4452 remensibus
990 4399 1115 4467 annil...
1133 4400 1276 4471 [extemplo

129 4477 232 4530 induxit
249 4485 278 4531 et
296 4480 442 4549 reposuitl.
