3276 5050
199 373 201 378 ·
308 331 369 396 120
753 353 999 396 nncnnuounue.

305 521 481 602 Prolepseos
502 525 580 592 eius,
608 539 666 600 qua
692 523 804 594 inscite
822 543 848 582 v.
870 520 933 584 366
957 541 1030 584 usus
1052 541 1118 584 esse
1139 522 1287 601 Vergilius
1308 524 1452 601 arguitur,

307 623 443 702 exempla
466 615 636 701 sanequam‘
648 623 741 696 multa
764 624 889 704 praebet
903 625 1020 695 Aeneis,
1044 643 1171 705 quorum
1194 643 1286 686 unum
1311 612 1340 684 in
1358 625 1454 684 Servii

307 728 521 788 commentario
543 726 580 786 ad
603 725 642 786 lll
665 722 725 788 701
750 723 863 788 61703
892 733 1021 787 notatur.
1074 726 1148 787 lllud
1177 726 1214 786 de
1245 726 1454 806 ‘praepetibus

307 829 425 908 pinnis’
448 829 583 889 refutans
605 826 717 888 Gellius
740 828 791 888 Vll
814 825 869 907 (Vl)
893 824 1016 907 equod
1044 829 1074 888 in
1102 835 1236 890 extremo
1266 831 1362 908 capite
1385 829 1453 888 Sul-

304 933 419 1008 picium
442 932 650 1006 Apollinarem
672 929 813 997 laudarit,
844 928 1026 992 Merelrlinus
1054 929 1073 991 1.
1097 929 1116 990 l.
1147 950 1175 1010 p.
1199 927 1262 993 659
1289 931 1455 1010 suspicatus

309 1040 370 1102 est,
405 1033 630 1111 grammaticum
659 1030 753 1100 branc,
789 1031 873 1091 cuius
903 1030 1012 1092 scholis
1041 1031 1257 1094 adolescentem
1288 1052 1320 1093 se
1342 1033 1454 1092 Romae

309 1153 396 1196 usurn
419 1153 484 1196 csse
506 1133 618 1195 Gellius
641 1133 799 1212 significat,
831 1135 1020 1209 quaestiones
1040 1138 1214 1210 epistolicae
1236 1134 1282 1194 vel
1306 1151 1364 1210 per
1392 1136 1455 1210 epi-

307 1239 405 1298 stulas
426 1239 563 1312 quaesito
585 1236 756 1314 scripsisse,
787 1236 818 1295 in
842 1233 951 1312 quibus
978 1242 1098 1314 praeter
1127 1234 1182 1296 alia
1205 1236 1311 1318 Hygini
1335 1251 1455 1312 quoque

308 1340 339 1399 in
362 1336 523 1416 Vergilium
546 1338 670 1398 crimina
693 1337 837 1414 quaedam
860 1335 1065 1419 diluebantur,
1094 1337 1223 1417 indeque
1254 1356 1304 1398 sua
1328 1335 1455 1398 Gellium

308 1439 327 1501 l.
353 1439 371 1500 1.
395 1446 561 1500 mutuatum
585 1457 659 1500 esse.
686 1439 790 1510 ¹Quod
813 1458 881 1501 curn
897 1438 1105 1526 probabilitate
1128 1458 1187 1500 non
1210 1440 1330 1500 omnino
1353 1455 1455 1499 carere

310 1541 452 1612 videatur,
478 1548 576 1602 tamen
599 1539 726 1602 alterum
748 1558 868 1620 quoque
883 1540 969 1602 Gellii
984 1541 1010 1602 X
1027 1523 1067 1601 16
1083 1547 1172 1620 caput
1194 1560 1228 1602 cx
1254 1540 1359 1601 eodem
1374 1541 1455 1599 fonte

306 1626 432 1720 'duxisse
461 1644 648 1722 negaverim,
683 1635 820 1722 quoniam
855 1645 920 1724 ipsa
942 1642 1050 1722 Hygini
1084 1641 1172 1703 verba
1205 1661 1261 1703 nec
1294 1642 1455 1721 quidquam

311 1753 469 1825 praetcrea
490 1746 521 1804 in
550 1743 600 1803 illo
630 1746 808 1824 transcripta
838 1752 916 1821 sunt.
972 1745 1049 1805 Num
1083 1743 1211 1821 denique
1240 1742 1313 1804 alius
1341 1762 1375 1804 ac
1403 1762 1456 1804 sua

312 1847 406 1908 iratus
422 1848 596 1908 auctoritate
612 1845 777 1918 ‘Quirinali
792 1845 885 1908 lituc'
909 1845 1077 1908 defenderit
1093 1849 1258 1908 nescimus:
1283 1832 1456 1923 argumenta

312 1946 433 2030 quidem
469 1955 498 2009 et
526 1948 660 2028 exempla
691 1967 767 2028 quae
794 1947 918 2028 protulit
947 1955 1005 2008 tam
1035 1949 1135 2027 inepta
1165 1955 1284 2028 tamque
1313 1967 1349 2008 ex
1371 1949 1457 2008 trivio

312 2055 430 2130 arrepta
456 2058 534 2120 sunt,
557 2057 591 2112 ut
613 2069 669 2110 nec
693 2048 827 2110 sobrium
851 2051 1036 2129 grammatici
1058 2050 1200 2111 iudicium
1222 2051 1381 2127 infregisse
1403 2067 1459 2110 nec

188 2179 191 2186 ’
231 2171 234 2180 ’
311 2153 407 2214 311663
430 2151 597 2213 eruditione
620 2151 737 2214 adiutus
759 2171 825 2213 esse
840 2152 984 2214 videatur.

397 2255 438 2315 lle
451 2243 812 2316 incertissimalllercllini
822 2255 1002 2334 suspicione,
1016 2255 1103 2316 etiam
1117 2253 1182 2314 aliis
1194 2252 1268 2314 locis
1280 2253 1305 2314 ll
1317 2250 1336 2314 6
1347 2249 1460 2326 112924

312 2356 389 2418 XVll
403 2353 443 2417 10
456 2355 503 2434 (cl.
518 2355 686 2449 Macrobips
699 2358 721 2418 V
735 2353 783 2426 17,
796 2353 814 2416 7
828 2356 904 2436 sqq.)
918 2353 1044 2416 Gellium
1057 2355 1164 2434 Hygini
1176 2356 1212 2415 de
1224 2354 1354 2433 Vergilio
1366 2353 1459 2414 libros

313 2461 479 2538 respicere,
496 2460 567 2520 satis
580 2457 812 2520 recteiudicavit
823 2457 1072 2519 Kretzschmerus
1085 2476 1113 2536 p.
1129 2454 1183 2527 78,
1202 2476 1378 2538 quamquam
1396 2457 1459 2535 ipse

313 2559 402 2620 simili
415 2559 452 2620 de
469 2557 543 2630 122,
563 2557 602 2619 12
618 2579 661 2638 sq.
680 2561 870 2620 coniecturae
885 2557 1015 2628 indulsit,
1032 2561 1080 2619 cui
1096 2561 1281 2638 respondens
1297 2558 1347 2620 ille
1362 2560 1392 2619 in
1408 2576 1458 2618 an·

313 2661 372 2723 nal.
390 2660 505 2740 pbiloll.
521 2659 601 2722 1861
612 2680 640 2740 p.
656 2658 717 2722 722
730 2679 790 2722 666
803 2659 900 2721 attulit
911 2669 1085 2738 argumenta
1097 2663 1232 2723 certiora.
1265 2662 1370 2740 Neque
1382 2661 1460 2721 enim

314 2764 449 2844 prolecto
472 2770 523 2824 aut
545 2762 625 2824 solus
646 2761 858 2842 luitllyginus,
883 2764 934 2839 qui
957 2761 1195 2841 reprehenderet
1215 2762 1388 2842 Vergilium,
1412 2768 1462 2822 aut

313 2869 349 2935 is,
374 2883 462 2943 quern
484 2863 530 2924 vel
552 2866 700 2944 insignem
722 2866 753 2924 in
775 2863 1025 2944 reprehendendo
1041 2865 1169 2926 maxime
1191 2884 1311 2944 operam
1329 2865 1461 2942 posuisse

318 2967 458 3028 traditum
482 2969 533 3028 sit:
563 2984 622 3045 quo
645 2968 736 3045 igitur
757 2969 823 3028 iure
847 2966 990 3046 quidquid
1013 2968 1043 3028 in
1067 2984 1131 3028 eam
1154 2975 1270 3045 partem
1292 2966 1370 3044 apud
1393 2964 1461 3024 Gel-

314 3069 387 3131 lium
421 3069 585 3150 disputatur
615 3087 650 3129 ex
673 3068 781 3149 Hygini
807 3070 996 3148 potissimum
1020 3067 1104 3130 libris
1127 3075 1276 3146 sumptum
1300 3085 1366 3128 esse
1389 3085 1460 3126 con-

314 3171 435 3258 tendasl
490 3171 611 3232 Accedit
644 3165 724 3252 quod
746 3170 805 3239 illa,
841 3189 916 3251 quae
944 3169 1091 3250 Hyginum
1126 3175 1240 3231 constat
1272 3169 1301 3228 in
1331 3165 1460 3246 Vergilio

250 3261 254 3268 ⁴
318 3276 509 3353 vituperasse,
534 3275 598 3334 sani
619 3273 722 3334 iudicii
745 3273 896 3334 hominem
919 3273 1127 3351 sermonisque
1144 3270 1240 3338 Latini
1255 3271 1368 3350 optimc
1391 3288 1461 3349 gna·

320 3395 387 3437 rum
411 3376 549 3454 produnt,
576 3393 665 3452 quem
688 3395 793 3456 parum
809 3373 965 3455 probabile
982 3381 1027 3435 est
1041 3372 1203 3434 uerborum
1226 3375 1382 3434 ‘vexasse'
1407 3371 1460 3433 ecl.

320 3477 357 3538 Vl
380 3473 421 3539 75
446 3484 474 3537 61
496 3476 675 3537 ‘inlaudati’
700 3495 744 3556 ge.
768 3474 851 3538 1115
874 3485 903 3538 61
930 3475 1154 3557 ‘squalentem'
1177 3478 1249 3538 den.
1272 3475 1299 3536 X
1320 3472 1384 3537 314
1406 3477 1463 3534 virn

319 3598 379 3640 non
403 3578 511 3639 melius
534 3577 665 3639 Cornuto
688 3580 861 3658 percepisse
884 3577 929 3638 vel
952 3580 1076 3656 ‘atque'
1106 3577 1251 3658 particula
1280 3597 1336 3658 qua
1364 3584 1464 3638 ruente

320 3699 365 3760 ge.
391 3676 487 3740 1203
511 3681 607 3758 posita
631 3687 709 3741 esset
738 3679 932 3742 dubitavisse:
968 3689 1070 3760 poetas
1099 3689 1196 3742 autem
1220 3681 1354 3742 Graecos
1377 3697 1463 3756 quarn

319 3781 449 3843 leliciter
471 3781 601 3842 imitatus
624 3791 703 3844 esset
724 3781 870 3860 Vergilius
893 3799 1071 3860 quamquam
1095 3785 1215 3844 minime
1238 3799 1313 3860 nego
1337 3799 1406 3842 eum
1429 3799 1463 3840 66

320 3882 425 3950 modo,
455 3901 513 3963 quc
536 3883 613 3961 apud
636 3883 762 3946 Gellium
790 3905 807 3946 a
828 3885 989 3954 Favorino,
1018 3884 1054 3945 ab
1077 3883 1229 3944 Eustathic
1253 3882 1329 3962 apud
1352 3883 1464 3944 Macro·

319 3986 402 4047 bium
424 3985 490 4044 lieri
512 3983 648 4062 legimus,
672 3987 825 4064 inquirere
848 3987 989 4066 potuisse,
1015 3992 1112 4046 tarnen
1134 4004 1167 4046 re
1190 4003 1259 4045 vera
1273 3971 1351 4044 'eum
1367 3985 1464 4062 inqui-

325 4088 428 4148 sivisse
450 4104 488 4147 ne
510 4089 685 4149 tenuissimo
709 4088 828 4167 quidem
849 4087 960 4148 indicio
982 4094 1114 4168 apparet.

405 4187 609 4250 Probabiliore
638 4208 731 4268 eaque
761 4210 777 4251 3
805 4187 967 4250 Hercldino
997 4204 1113 4266 quoque
1143 4185 1266 4266 probata
1295 4188 1466 4248 coniectura

323 4289 572 4352 Kretzschmerus
594 4290 631 4350 311
653 4290 761 4371 Hygini
784 4291 987 4352 alletoritatem
1011 4288 1128 4350 rettulit
1149 4287 1186 4349 de
1209 4287 1301 4350 Nolae
1323 4290 1466 4350 memoria

324 4395 354 4454 in
370 4411 415 4474 ge.
433 4392 459 4454 ll
474 4388 538 4454 225
553 4389 721 4453 oblitterata
736 4391 884 4462 tabellam,
907 4392 992 4452 cuius
1008 4408 1098 4469 supra
1115 4409 1142 4471 p.
1160 4387 1201 4451 23
1216 4410 1259 4470 sq.
1283 4391 1466 4452 mentionem
