3172 5038
566 399 807 444 Pssouuuouuum

512 833 667 918 terrum
686 840 857 924 aginano.

200 1057 302 1131 Qualis
324 1057 481 1128 bucoIIcis,
506 1063 634 1138 quantus
657 1055 764 1118 teiiure
786 1055 946 1126 domanda,

200 1160 308 1221 vitibus
331 1158 562 1237 arboribusque,
586 1160 657 1220 satis
678 1159 839 1238 pecorique
862 1157 1041 1236 apibusque,

198 1259 368 1322 Aeneadum
390 1262 480 1321 fuerit
501 1270 596 1331 vates,
620 1259 793 1320 tetrasticha
815 1257 923 1320 dicent.

200 1363 355 1422 contineat.
371 1380 447 1440 quae
470 1363 596 1442 quisque
618 1359 708 1432 liber,
732 1358 798 1440 Iege
821 1361 952 1422 carmine
974 1365 1088 1420 nostro.

671 1630 694 1691 l.

201 1833 277 1904 Quid
299 1833 387 1894 saciat
408 1832 500 1892 laetas
522 1839 653 1909 segetem
677 1849 753 1910 quae
774 1832 870 1892 sidera
893 1840 993 1892 servet

199 1932 342 2012 agricola,
366 1941 399 1992 ut
419 1931 535 1993 facilem
550 1932 669 2014 terram
691 1932 861 2011 proscindat
882 1941 996 2001 aratro,

200 2035 313 2094 semina
336 2049 411 2111 quae
432 2034 580 2104 iacienda,
604 2032 709 2093 modos
732 2031 889 2109 cultusque
910 2032 1046 2094 locorum

204 2141 233 2195 et
255 2133 356 2196 docuit
377 2153 489 2196 messes
511 2153 620 2214 magno
642 2153 709 2195 cum
732 2135 854 2196 faenore
875 2133 970 2194 reddi.

662 2405 699 2466 II.

198 2603 348 2666 Hactenus
369 2624 508 2666 arvorum
531 2605 628 2666 cuitus
651 2613 680 2666 et
702 2606 798 2667 sidera
821 2607 904 2668 caeli.

197 2708 370 2785 pampineas
393 2709 472 2768 canit
492 2707 561 2767 iude
584 2725 683 2768 comas
706 2706 847 2784 collisque
871 2710 991 2769 virentis

199 2807 401 2886 discretasque
423 2807 496 2868 locis
518 2809 592 2868 vltes
615 2815 644 2868 et
666 2808 741 2868 dona
763 2808 853 2888 Lyaei

199 2915 286 2988 atque
309 2907 392 2968 oleae
414 2913 528 2978 ramos,
551 2927 710 2988 pomorum
733 2927 768 3002 ex
791 2909 895 2969 ordine
916 2910 1005 2970 setus.

117 3114 193 3120 -—--
200 3113 419 3120 Μ’.-

113 3245 276 3294 trasticda
299 3251 389 3294 uariunt
412 3247 438 3294 iu
456 3244 557 3310 Bycen:
581 3246 615 3308 cf.
634 3245 776 3295 Bumnanni
792 3247 885 3296 antimi.
904 3247 932 3294 II
951 3247 999 3294 189
1021 3245 1144 3310 Meyerus
1162 3263 1186 3296 n.
1204 3246 1254 3294 836

114 3329 181 3378 1—8
191 3329 307 3392 deficitB
351 3331 417 3378 1-4
427 3345 472 3381 om.
484 3345 505 3388 c,
519 3332 634 3394 leaunmr
652 3331 780 3380 eiiamint
821 3329 961 3381 INCIPIT
971 3327 1255 3378 TETRASTICHON

112 3411 233 3462 OVIDII
255 3412 411 3464 NASONIS
437 3412 588 3464 CARMEN
615 3428 632 3477 p
658 3411 798 3463 INCIPIT
827 3411 976 3463 CARMIIN
998 3411 1254 3462 TETRASTIOON

112 3495 426 3562 OVIDIINASONISy
462 3497 581 3548 OVIDII
604 3495 759 3548 NASONIS
783 3495 1077 3548 TETRASTICONd
1146 3496 1252 3558 lQua·

111 3579 156 3642 iis]
176 3580 301 3641 Quantus
318 3580 422 3645 Menay.
490 3583 671 3633 Steirastiea
689 3581 739 3646 ydla
806 3581 1056 3648 400ntineaiq·y
1127 3581 1250 3631 carmina

110 3649 162 3713 isra
180 3681 206 3728 y,
225 3666 283 3714 item
300 3665 332 3714 dt
349 3665 490 3715 Burmanni
506 3669 581 3718 codd.
601 3681 713 3716 munere
732 3669 825 3716 nostro
843 3666 983 3718 Muellerus
999 3684 1027 3732 p.
1048 3668 1096 3716 123
1165 3666 1181 3716 5
1199 3679 1252 3730 quo

111 3747 199 3798 fidere
218 3763 240 3810 c,
259 3748 365 3800 Mentet.
384 3752 432 3798 m.1
451 3748 548 3800 Monet.
627 3753 643 3802 6
662 3750 745 3800 facile
764 3751 802 3814 Ira,
821 3751 936 3800 Menteli.
954 3766 1008 3800 cum
1025 3752 1082 3800 atita
1159 3753 1252 3799 aratro

109 3832 142 3882 bl
162 3831 264 3881 aratris
277 3832 334 3895 dte,
353 3823 496 3884 Burmanni
512 3837 586 3885 codd.
655 3837 670 3885 7
690 3850 758 3899 quae
777 3833 907 3884 facienda
925 3850 939 3883 c
957 3849 1010 3899 quo
1029 3833 1190 3884 faciendae

110 3915 204 3966 modos
226 3917 333 3966 Mentel.
355 3920 422 3967 altar
444 3933 497 3968 cum
519 3921 576 3968 aliis
599 3918 740 3968 Burmanni
760 3917 856 3967 modus
875 3935 888 3966 c
914 3919 975 3968 loco
999 3918 1013 3968 d
1104 3919 1119 3968 8
1143 3917 1253 3968 edocuit

110 4002 203 4050 Petne.
221 4001 327 4051 Mentet.
345 4003 412 4051 alter
430 4018 482 4052 eum
500 4005 565 4056 attis.
647 4017 748 4066 magno
766 4001 831 4052 olim
850 4001 961 4052 foedere
980 4019 1003 4066 a,
1023 4001 1127 4052 Mentet.
1146 4002 1250 4066 Menam.

164 4087 179 4134 9
197 4084 335 4135 INCIPIT
355 4083 505 4136 CARMEN
522 4084 777 4158 TETRASTIOON
795 4085 914 4137 OVIDII
930 4085 1086 4138 NASONIS
1104 4103 1119 4135 a
1188 4085 1253 4135 ceili

110 4185 125 4218 a
195 4171 226 4220 10
244 4169 308 4218 inde
327 4169 341 4219 b
358 4170 445 4219 ILLE
457 4171 520 4235 Byr,
539 4172 628 4224 Petuu.
647 4173 679 4223 at.
740 4168 876 4235 collesque
889 4169 1034 4221 uirentesb
1100 4171 1130 4220 11
1143 4169 1251 4218 DiIcre·

110 4252 157 4302 tus
176 4253 190 4302 d
220 4252 445 4304 DESCRIPTAS
463 4254 533 4320 aye,
563 4255 705 4304 Burmanni
728 4255 802 4304 codd.
827 4253 871 4317 (an
893 4253 1070 4319 discriptaai)
1149 4253 1220 4302 locis
1236 4252 1251 4300 b

110 4334 199 4385 Loci
216 4338 280 4401 Byr,
300 4337 443 4388 Burmanni
464 4341 538 4388 codd.
627 4341 658 4387 12
675 4337 799 4399 ADQVE
820 4340 842 4389 R
926 4339 976 4388 EX
994 4339 1132 4389 ORDINE
1151 4339 1206 4402 Rye
1224 4339 1252 4385 et

110 4419 262 4472 condereb
348 4422 422 4478 fetus
448 4423 462 4474 d
491 4421 632 4479 Laurus
661 4424 717 4490 Byc
752 4422 823 4478 letus
842 4425 934 4484 Petau,
958 4424 1064 4482 Maniai.
1087 4423 1192 4494 Menaq.
1216 4423 1249 4480 at·
