3230 5046
310 362 369 427 186
521 377 523 380 ’
754 389 997 431 enonneonuun.
1013 381 1016 384 '

308 552 468 630 Vergilium
493 553 603 614 dixisse
626 555 818 615 dictamnum
840 572 868 633 g.
893 556 1021 617 Cretaeo
1049 576 1074 618 c.
1099 557 1136 618 ab
1158 559 1226 620 lda’
1257 559 1299 638 (ut
1329 569 1359 623 et
1382 564 1463 630 Ser,

308 657 372 716 vius
396 661 521 716 testatur
544 663 573 716 et
595 657 690 716 nostri
717 655 787 716 libri
816 675 919 718 omnes
948 657 1084 736 babenti:
1119 661 1214 739 ‘quod
1247 681 1343 740 usque
1377 665 1453 726 adeo

307 764 450 826 nonest,
481 765 514 817 ut
541 759 566 817 si
593 759 748 837 sequentia
776 760 939 837 coniungas
967 761 1017 820 liat
1040 762 1168 822 vitium’.
1219 763 1297 825 Satis
1321 765 1358 826 de
1380 785 1452 827 con·

308 860 440 919 iecturae
461 859 547 920 istius
569 857 668 919 indole
691 867 778 938 atque
801 862 916 938 origine
938 861 1098 941 disputavit
1117 864 1292 942 Wagnerus.
1338 867 1452 938 Cetera,

308 961 333 1020 si
362 977 448 1037 quam
483 959 519 1021 ad
554 968 667 1022 textum
701 961 941 1024 constituendum
969 964 1087 1042 frugem
1116 963 1234 1026 adferre
1262 967 1452 1038 videbuntur,

308 1060 373 1122 aliis
394 1061 502 1139 reliqui
525 1062 709 1124 excutienda.
742 1130 747 1142 ¹

829 1351 852 1431 e
878 1350 926 1413 16.

392 1572 585 1644 Carminium,
611 1573 696 1632 cuius
718 1580 799 1634 aetas
822 1573 998 1634 certioribus
1022 1577 1156 1635 terminis
1178 1592 1267 1653 quam
1282 1578 1361 1637 inter
1376 1577 1450 1638 Pro-

306 1671 377 1732 bum
402 1680 431 1732 et
453 1671 588 1733 Servium
611 1673 737 1734 saeculis
760 1675 877 1736 deliniri
899 1674 1016 1755 nequit,
1047 1685 1080 1736 ut
1101 1678 1179 1736 inter
1202 1684 1452 1738 commentatores

306 1772 491 1851 Vergilianus
514 1793 622 1854 ponam
644 1777 771 1837 maxime
793 1777 863 1838 iacit
884 1777 921 1836 ad
943 1779 1014 1838 den.
1040 1776 1075 1836 Vi
1098 1773 1161 1838 862
1183 1777 1344 1838 adnotatio.
1378 1780 1452 1842 Nam

306 1874 376 1935 licet
397 1877 533 1946 sciamus,
559 1876 684 1937 eundem
708 1896 775 1937 cum
797 1881 835 1938 de
856 1880 1073 1940 elocutionibus
1088 1879 1246 1958 disputavit
1260 1883 1451 1960 praecepisse

307 1984 452 2054 utrasque
468 1981 592 2054 palmas
614 1978 773 2057 aVergilio
796 1981 867 2040 den.
892 1980 915 2037 V
936 1975 999 2041 233
1023 1981 1125 2040 vitiose
1148 1980 1259 2041 dictum
1283 1999 1349 2042 esse
1374 1981 1451 2060 (Ser-

218 2065 221 2075 “
260 2119 266 2132 1
308 2078 414 2174 viusll.
438 2078 494 2159 tr)
519 2079 555 2139 ci.
579 2080 659 2140 idern
682 2077 823 2160 adl93l
847 2083 928 2141 etin
951 2080 1027 2141 libro
1050 2083 1088 2142 de
1113 2083 1205 2142 Italic
1228 2081 1360 2142 secundo
1391 2082 1453 2144 cul·

307 2189 422 2241 trorum
446 2200 608 2243 aeneorum
622 2187 718 2243 'usum
741 2184 977 2262 antiquissimum
993 2183 1164 2243 memoratis
1179 2183 1306 2243 sortasse
1328 2183 1454 2244 falcibus

308 2302 425 2363 quoque
455 2285 538 2344 aenis
559 2283 680 2362 Vergilii
702 2287 773 2345 den.
797 2284 850 2344 llll
872 2279 935 2345 513
964 2283 1050 2344 docte
1078 2285 1252 2364 exposuisse
1276 2284 1460 2370 (Macrobius

309 2385 368 2446 Sat.
383 2387 415 2446 vV
440 2383 489 2454 19,
519 2383 583 2464 13);
618 2405 709 2464 porro
743 2385 812 2445 licet
845 2403 901 2445 nec
934 2392 1053 2464 etymon
1087 2386 1167 2445 vocis
1200 2401 1326 2446 amoena
1360 2385 1455 2464 (quasi

309 2484 438 2563 amunia)
463 2488 632 2547 necessario
656 2487 690 2548 ad
715 2489 786 2548 Aen.
811 2485 833 2543 V
855 2482 918 2546 734
940 2485 985 2546 vel
1002 2483 1115 2548 v1638
1137 2486 1298 2566 protulisse
1322 2487 1454 2565 (Servius

307 2589 380 2648 Aen.
405 2588 441 2648 Vl
463 2585 525 2649 638
549 2588 586 2648 ci.
609 2587 687 2648 idem
710 2587 746 2648 ad
770 2589 793 2646 V
816 2584 887 2664 734)
912 2606 968 2647 nec
990 2587 1081 2648 Probi
1104 2587 1340 2648 emendationem
1364 2587 1455 2667 rpra-

309 2689 467 2766 cidumque
489 2690 592 2768 petivit
615 2690 748 2766 coniugis
771 2679 908 2760 in'susum
930 2689 1043 2766 gremio
1065 2706 1120 2767 per
1142 2688 1276 2750 membra
1299 2692 1454 2768 soporem'

309 2794 381 2853 den.
408 2787 567 2868 v111406)
596 2792 628 2850 in
656 2791 869 2850 commentario
897 2791 1086 2868 potissimum
1108 2790 1255 2851 Aeneidos
1284 2790 1456 2868 probavisse

311 2893 441 2973 (Servius
464 2892 499 2952 ad
522 2891 541 2950 l.
565 2891 595 2969 l.)
619 2891 793 2952 statuendus
816 2893 869 2950 sit:
899 2897 998 2951 tamen
1027 2909 1116 2951 unam
1145 2890 1225 2952 illam
1255 2891 1291 2951 de
1314 2889 1461 2952 Marcello.

310 2992 582 3056 adnotatiunculam
599 2992 720 3054 adden.
738 2987 851 3052 vr862
874 2993 1043 3069 ‘egregium
1066 2992 1162 3052 iorma
1185 2994 1322 3052 iuvenem
1345 3000 1374 3052 et
1394 2992 1453 3052 iul·

309 3095 448 3174 gentibus
470 3089 572 3178 armis]
597 3096 653 3154 tria
676 3101 744 3154 sunt
758 3093 922 3154 secundum
939 3093 1133 3167 Carminium:
1158 3092 1348 3172 pulchritudo
1372 3100 1453 3153 aetas

267 3223 271 3231 =
309 3200 417 3258 virtus'
462 3214 551 3274 aegre
586 3195 658 3255 mibi
694 3195 858 3272 persuadeo
893 3195 950 3255 alio
985 3193 1108 3254 consilio
1143 3196 1201 3255 nisi
1230 3196 1332 3273 ipsius·
1357 3201 1458 3262 textus

309 3297 479 3360 illustrandi
502 3315 590 3358 causa
613 3297 796 3376 propositam
821 3285 925 3356 essda
948 3297 1106 3358 Carminio.

835 3580 858 3661 e
883 3579 932 3642 17.

398 3802 550 3883 Singulari
573 3803 791 3865 commentandi
814 3811 878 3864 arte
901 3811 929 3864 et
951 3805 1067 3864 ratione
1081 3820 1154 3862 usus
1170 3808 1216 3862 est
1230 3801 1334 3874 Rufus
1348 3802 1458 3860 Festus

312 3909 452 3982 Avienus,
478 3907 613 3983 ‘gemino
636 3904 824 3986 proconsulis
846 3911 950 3966 auctus
972 3905 1114 3973 bonore',
1139 3904 1222 3966 cuius
1239 3909 1364 3963 aetatem
1379 3902 1459 3961 intra

312 4127 615 4138 Μ

380 4277 403 4343 Ι’)
424 4279 566 4346 Siquidem
585 4280 724 4330 Carminius
743 4283 798 4328 est:
817 4293 881 4327 nam
900 4276 1035 4340 Carpinius
1054 4275 1184 4324 scribitur
1201 4277 1273 4325 teste
1292 4272 1325 4324 G.
1338 4271 1458 4322 Thilone

313 4367 342 4416 in
361 4362 524 4416 cassellano
544 4368 572 4415 et
589 4363 750 4417 Florentino
768 4361 835 4416 bibl.
858 4360 942 4412 Setae
956 4358 1056 4410 Crucis
1073 4359 1143 4426 plut.
1156 4359 1234 4408 XXII
1251 4373 1277 4411 n.
1299 4360 1311 4406 1
1332 4357 1379 4420 qui
1394 4363 1460 4406 'sae-

315 4451 370 4505 culi
387 4451 412 4502 X
431 4455 480 4510 est,
501 4450 608 4516 Carpion
626 4450 655 4498 in
673 4447 835 4508 Basiliensi,
856 4445 963 4511 Caspius
981 4445 1010 4496 in
1029 4442 1256 4509 Guelferbytano.
