3212 5042
595 440 839 486 raonncounun.
1268 428 1290 492 5

140 615 197 670 tota
230 609 344 670 lanrilia
380 610 521 689 omnique
554 611 598 668 rei
633 608 811 672 domesticae
851 612 1035 694 supellectile
1073 623 1192 696 arrepta
1226 618 1289 698 (bio

138 711 309 772 xxxxviii
332 709 373 792 6).
421 713 486 784 Quo
515 711 626 773 lactum
655 718 700 772 est
727 719 760 773 ut
782 715 1027 778 Cremonensium
1055 735 1175 798 quoque
1204 719 1287 791 lines,

139 816 203 894 quia
226 833 289 874 non
313 815 496 884 sufficerent,
521 822 725 892 transgressus
748 815 887 878 Octavius
902 818 993 890 Musa,
1017 818 1159 881 limitator
1181 821 1315 916 aCae7

140 936 204 978 sare
226 917 390 978 Octaviano
411 916 505 987 datus
530 923 561 976 ut
583 917 724 978 ollcnsam
747 917 895 996 quandam
910 919 1139 982 Mantuanorum
1160 921 1285 984 ulcisce-

140 1027 236 1090 retur,
265 1037 321 1098 per
343 1019 394 1080 XV
417 1017 496 1079 milia
525 1018 666 1098 passuum
696 1021 760 1098 agri
782 1020 934 1083 Mantuani
963 1023 1051 1082 vicini
1079 1022 1192 1086 scilicet
1214 1026 1285 1088 Cre·

140 1139 243 1182 monae
265 1121 412 1200 perticam
434 1121 594 1182 militarem
609 1123 778 1201 porrigeret
794 1123 926 1202 (Servius
948 1123 985 1185 ad
1001 1123 1054 1184 ecl.
1072 1123 1112 1184 lll
1134 1121 1170 1186 V:
1196 1127 1233 1188 cl.
1261 1147 1286 1188 v.

140 1221 188 1305 28)
213 1233 243 1285 et
265 1225 366 1304 ipsum
381 1223 544 1301 Vergilium
567 1229 704 1284 nostrum
726 1226 907 1304 patrimonio
931 1223 1103 1305 expelleret,
1128 1228 1180 1307 qui
1201 1245 1285 1289 sexa-

141 1328 220 1405 ginta
244 1327 392 1386 veteranis
414 1325 513 1414 locum
537 1325 668 1406 daret*).
718 1327 779 1388 lam
801 1327 894 1388 ltaliei
921 1327 1011 1388 rebus
1033 1328 1095 1388 suis
1118 1329 1289 1390 miserrime

141 1428 256 1507 spoliati
281 1428 412 1505 undique
428 1445 541 1496 omnes,
564 1428 687 1488 iuvenes
709 1447 797 1490 senes
821 1427 960 1490 mulieres
982 1429 1070 1490 etiam
1094 1447 1163 1494 cum
1187 1431 1285 1493 inlan-

142 1529 217 1591 tibus
233 1531 361 1591 Romam
385 1529 545 1600 confluere,
569 1531 599 1589 in
622 1531 688 1590 loro
713 1537 742 1591 et
764 1533 795 1592 in
817 1529 937 1611 templis
952 1530 1103 1611 supplices
1120 1532 1287 1604 considere,

138 1651 237 1693 rerum
267 1651 388 1693 suarum
415 1634 533 1694 ruinam
562 1630 681 1710 publice
710 1635 868 1713 conqueri,
903 1634 1067 1711 iniquiores
1101 1634 1189 1696 etiam
1216 1653 1287 1721 pro·

137 1734 348 1814 scriptionibus
371 1731 561 1814 spoliationes
592 1733 674 1805 illas,
705 1734 812 1814 quibus
838 1736 1031 1797 immerentes
1058 1736 1172 1815 pariter
1199 1744 1288 1817 atque

137 1838 249 1896 inimici
278 1836 479 1897 adficerentur
502 1836 634 1917 (Appian.
658 1834 688 1896 b.
718 1855 745 1898 c.
774 1836 797 1895 V
822 1834 885 1918 14),
910 1837 1065 1907 detestari,
1094 1836 1225 1899 lacrimis
1252 1858 1288 1900 ac

137 1939 264 2000 tumultu
287 1940 422 2017 ipsorum
445 1941 551 2000 civium
580 1939 697 1999 animos
720 1957 908 2000 commovere
933 1938 1065 2019 (Appian.
1090 1938 1119 1999 b.
1144 1959 1169 2000 c.
1185 1940 1210 2000 V
1227 1937 1286 2020 12).

25 2035 26 2042 '
137 2041 202 2102 Fuit
223 2043 306 2101 inter
329 2039 383 2102 hos
404 2040 555 2120 supplices
572 2038 728 2118 Vergilius,
752 2043 803 2120 qui
818 2042 1020 2124 potentiorum
1044 2042 1217 2110 amicorum,
1240 2042 1286 2101 in-

139 2144 243 2221 primis
273 2143 370 2203 Asinii
398 2141 541 2203 Pollionis
564 2149 593 2201 et
615 2141 746 2202 Cornelii
768 2141 843 2204 Galli
868 2142 993 2221 (Probus
1014 2161 1044 2222 p.
1068 2140 1097 2218 6,
1124 2140 1141 2204 1
1164 2141 1211 2223 ll.)
1240 2143 1286 2203 in·

136 2252 271 2306 terventu
293 2245 422 2324 perleeit
443 2252 476 2304 ut
498 2243 689 2314 Octavianus,
720 2246 769 2324 qui
792 2245 864 2306 dum
886 2252 1022 2324 pasceret
1043 2244 1170 2305 militum
1193 2245 1286 2305 avari·
1388 2292 1391 2300 .

134 2348 214 2418 tiam,
239 2353 410 2426 togatorum
433 2363 552 2428 quoque
567 2345 682 2406 animos
698 2353 840 2426 quantum
855 2347 921 2408 fieri
935 2353 1037 2426 posset
1052 2346 1109 2408 sibi
1125 2345 1285 2409 conciliare

136 2449 276 2518 studeret,
301 2467 356 2510 sua
378 2456 484 2528 poetae
507 2449 677 2509 restitutum
699 2450 737 2508 iri
759 2449 949 2528 promitteret
970 2447 1037 2530 (ecl.
1061 2448 1073 2509 l
1095 2445 1138 2510 44
1159 2448 1225 2529 sq.).

217 2551 256 2612 Et
277 2550 383 2612 reduci
405 2537 503 2611 Andes
525 2567 580 2628 per
601 2552 772 2612 triumviros
800 2552 879 2629 agris
908 2549 1113 2630 adsignandis,
1144 2571 1218 2632 quos
1246 2550 1284 2612 ab

135 2655 295 2716 Octaviano
319 2654 426 2714 missos
446 2672 514 2714 esse
537 2653 657 2713 Servius
679 2659 790 2724 narrat,
814 2671 868 2714 sua
890 2655 1028 2714 restituta
1051 2652 1176 2733 esse**)
1200 2660 1283 2715 recte

135 2745 326 2817 concluditur
355 2773 391 2814 ex
412 2758 542 2833 prima
571 2753 687 2834 ecloga,
717 2773 774 2834 qua
803 2757 863 2815 otio
893 2762 923 2816 et
950 2755 1110 2816 securitate
1135 2757 1285 2817 fruentem

139 2865 225 2937 poeta
249 2875 355 2918 senem
377 2859 523 2917 rusticum
545 2865 630 2935 grato
653 2858 752 2917 animo
775 2857 823 2917 dei
844 2856 933 2928 itlius,
959 2858 1010 2938 qui
1032 2858 1088 2936 ipsi
1112 2865 1171 2927 est,
1195 2856 1282 2918 Oeta·
1347 2927 1350 2938 Ι

134 2961 211 3022 viani
243 2958 478 3021 benivolentiam
505 2960 544 3019 ita
575 2956 718 3018 extollere
752 2959 853 3038 lingit,
886 2967 919 3020 ut
951 2957 1078 3020 similem
1111 2958 1284 3021 felicitatem

135 3064 246 3151 ceteris
291 3079 411 3140 quoque
453 3059 648 3140 popularibus
690 3060 769 3121 loras
812 3061 939 3122 turbatis
987 3062 1124 3142 impense
1167 3069 1287 3140 exoptet

137 3162 186 3242 (cl.
212 3183 237 3223 v.
265 3159 315 3224 12.
340 3160 381 3224 70
403 3159 488 3243 sqq.)ss
540 3161 607 3223 lllox
629 3171 729 3224 tamen
753 3170 884 3224 extrema
906 3163 970 3225 lere
992 3169 1105 3224 aestate
1127 3164 1196 3224 anni
1223 3161 1285 3226 713

137 3273 240 3327 exorto
274 3264 354 3325 bello
375 3263 519 3325 Perusino
540 3262 650 3334 Pollio,
682 3272 715 3326 ut
736 3264 771 3324 L.
791 3265 920 3326 Antonio
943 3273 973 3326 et
994 3265 1113 3328 Fulviae
1141 3265 1284 3328 auxilium

136 3369 243 3436 torret,
274 3365 399 3428 Galliam
422 3365 664 3445 'transpadanam
692 3366 814 3447 reliquit
841 3375 870 3428 et
898 3367 1050 3430 inlocum
1080 3368 1144 3430 eius
1166 3365 1284 3448 legatus

139 3469 173 3530 ab
196 3470 361 3531 Octaviano
385 3467 562 3530 substitutus
585 3475 615 3528 et
637 3471 717 3547 agris
746 3468 913 3530 dividundis
940 3471 1109 3550 praelectus
1138 3481 1184 3532 est
1205 3469 1283 3532 tite-

140 3591 192 3636 nos
214 3573 312 3634 Varus
336 3570 465 3650 (Servius
487 3570 524 3631 ad
555 3568 608 3631 ecl.
631 3567 708 3630 v16
730 3568 766 3632 lX
792 3567 839 3631 10.
861 3567 930 3649 29),
959 3572 1102 3651 quiquid
1124 3589 1282 3636 commune

138 3673 278 3734 babuerit
307 3691 374 3733 cum
396 3671 512 3732 Horatii
541 3673 639 3752 (serm.
668 3668 830 3752 13;130)
861 3680 891 3732 et
919 3671 1096 3735 scholiastae
1129 3675 1283 3736 Iloratiani

139 3774 198 3836 lcto
228 3781 351 3836 tonsore
378 3774 409 3833 in
436 3781 517 3835 tanta
545 3781 814 3835 commentatorum
846 3776 1013 3854 ignorantia
1043 3775 1193 3837 enucleari
1221 3796 1280 3838 non

134 3883 244 3956 potest.
290 3877 378 3938 Certe
407 3878 458 3954 qui
487 3895 564 3937 anno
594 3873 656 3937 713
683 3875 798 3955 legatus
825 3877 938 3948 luerat,
970 3897 1048 3939 anno
1076 3861 1197 3939 demum
1220 3875 1282 3942 755

134 3977 322 4040 consulatum
345 3976 517 4043 adsecutum
541 3996 606 4040 esse
629 3995 689 4039 non
718 3980 811 4058 magis
840 3979 997 4058 probabile
1027 3988 1085 4052 est,
1115 3999 1202 4062 quam
1229 3982 1281 4062 qui

135 4149 286 4158 ---

202 4251 230 4316 *)
249 4251 357 4302 Probus
371 4266 398 4316 p.
412 4253 436 4314 5,
450 4252 482 4302 35
494 4252 536 4312 K,
556 4253 603 4316 qui
615 4266 670 4302 non
682 4252 827 4304 suffecisse
846 4253 934 4304 solum
946 4253 1064 4319 Vergilii
1074 4269 1169 4320 agrum
1183 4257 1280 4304 tantae

115 4395 118 4402 y
139 4336 319 4398 multitudini,
340 4334 388 4386 sed
407 4323 580 4402 adsumptum
597 4335 626 4385 in
645 4337 704 4387 eius
722 4352 800 4389 usum
818 4353 879 4389 esse
897 4337 991 4388 tradit.

182 4421 226 4488 **)
246 4421 379 4486 Prolegg.
400 4420 490 4473 bucol.
510 4424 619 4487 ‘postea
638 4421 672 4471 ab
691 4420 815 4488 Augusto
838 4424 929 4474 missis
953 4423 1103 4476 triumviris
1121 4430 1150 4475 et
1168 4424 1221 4489 ipsi
1239 4423 1279 4472 in·

134 4511 212 4572 teger
231 4521 301 4572 ager
321 4509 364 4556 est
382 4504 503 4556 redditus
522 4511 550 4576 et
566 4507 726 4558 Mantuanis
744 4523 792 4574 pro
810 4511 911 4573 parte'.
