3276 5050
586 381 593 397 ⁴
663 414 906 460 rnonnoouuun.
1294 395 1355 462 139

212 568 310 648 reiicit
332 592 361 646 et
381 589 527 650 obiiciunt
547 588 577 646 in
601 587 630 647 P
647 591 801 647 exaratum
824 591 869 646 est
892 583 966 664 (vide
988 585 1048 646 ind.
1072 582 1218 664 gramm).
1265 585 1355 649 Valde

212 691 301 768 igitur
323 688 494 768 probabile,
525 688 603 769 quod
631 687 810 776 dubitanter
824 687 1070 748 llretzschmerus
1098 707 1126 768 p.
1151 685 1193 750 90
1216 690 1353 760 coniecit.

213 791 298 852 Gellii
320 791 373 852 llll
397 789 435 853 17
459 799 555 870 caput,
579 791 631 851 ubi
652 793 741 852 iniiee
762 789 833 850 Aen.
859 790 896 850 Vl
917 786 980 852 366
1003 797 1032 850 et
1053 792 1172 854 subiicit
1194 809 1240 870 ge.
1264 792 1294 860 ll,
1316 789 1355 855 19

213 892 247 954 et'
269 895 411 956 obiieibus
437 889 619 972 ge.11480
648 899 677 954 et
704 891 893 954 scribendum
922 899 951 953 et
977 891 1136 970 legendum
1163 895 1352 974 praecipitur,

187 1003 308 1072 ‚totum
324 995 415 1057 Probi
438 1013 504 1072 esse
528 994 572 1056 vel
595 994 700 1056 saltem
722 1014 738 1056 a
765 993 895 1074 Sulpicio
918 993 1081 1074 Apollinari
1104 1013 1140 1057 ex
1163 994 1252 1058 huius
1274 1015 1354 1058 com·

160 1169 166 1176 Ι
213 1099 366 1160 menteriis
389 1105 604 1177 excerptum‘

297 1200 356 1261 Sed
377 1218 437 1261 non
459 1199 548 1260 credo
563 1199 704 1262 Lerschio
728 1200 844 1280 ephem.
868 1201 957 1278 antiq.
977 1195 1059 1262 1840
1080 1219 1108 1279 p.
1128 1197 1187 1260 111
1211 1208 1241 1262 et
1255 1201 1354 1264 Riesio

216 1301 262 1381 (de
285 1321 392 1363 comm.
414 1301 501 1380 Verg.
525 1304 576 1379 qui
597 1303 634 1364 M.
659 1301 756 1365 Valeri
778 1301 869 1364 Probi
891 1301 999 1362 dicitur
1020 1321 1050 1381 p.
1075 1299 1123 1381 11)
1148 1307 1178 1362 et
1199 1302 1234 1364 H.
1259 1303 1354 1364 Keilio
1427 1335 1438 1358 ·.

214 1421 337 1482 gramm.
362 1404 438 1465 Latt.
456 1403 518 1463 rol.
542 1403 595 1464 llll
617 1403 708 1483 prael.
733 1404 810 1466 XXV
832 1403 1056 1465 adfirmantibus
1072 1403 1223 1484 berytium
1246 1407 1276 1486 ip
1299 1425 1353 1468 suo
1460 1480 1463 1493 Ι

215 1505 378 1586 exemplari
399 1524 445 1584 ge.
470 1505 482 1566 l
503 1502 565 1566 277
602 1508 713 1568 orchus
739 1505 859 1585 legisse,
892 1505 943 1568 uhi
975 1507 1069 1587 ipsam
1098 1513 1205 1584 poetae
1223 1497 1354 1572 smanum

200 1611 335 1671 'Hercus
357 1614 501 1671 servatam
524 1609 554 1668 in
576 1610 604 1670 P
623 1606 725 1670 Celsus
747 1609 908 1687 georgicon
934 1615 1150 1670 commentator
1172 1607 1355 1672 clarissimus

215 1710 387 1772 vindicavit:
411 1711 502 1770 immo
525 1709 671 1790 siquidem
694 1710 728 1771 ad
753 1711 865 1773 Osanni
893 1710 930 1770 de
952 1711 1122 1790 artigrapho
1144 1713 1260 1773 iuniore
1283 1731 1353 1774 con·

213 1815 362 1874 lecturam·
383 1811 525 1892 (Symbol.
553 1813 579 1872 ll
606 1808 670 1873 269
697 1811 772 1892 sqq.)
795 1814 853 1874 iam
876 1814 1038 1892 profugere
1061 1832 1118 1874 nun
1151 1813 1222 1875 licet
1245 1813 1292 1894 (ci.
1316 1815 1352 1876 H.

213 1912 326 1974 Keilius
348 1915 378 1973 in
403 1911 534 1992 symbola
557 1911 670 1993 philoll.
695 1914 788 1975 Bonn.
813 1933 841 1994 p.
866 1911 907 1975 93
930 1915 1015 1994 squ),
1039 1917 1227 1995 aspirationis
1249 1923 1350 1977 notam

212 2034 301 2094 supra
324 2034 426 2077 vocem
449 2014 529 2076 illam
553 2017 583 2076 in
606 2014 696 2076 Probi
730 2015 892 2096 exemplari
923 2017 1065 2094 positam,
1104 2037 1145 2078 sc.
1180 2024 1213 2078 ut
1245 2020 1356 2080 boreus

212 2117 379 2196 legeretur,
402 2116 478 2177 falso
493 2118 720 2196 interpretatum
736 2136 802 2178 esse
818 2120 969 2180 statuerim
993 2120 1043 2198 qui
1064 2126 1256 2200 praeceptum
1278 2119 1350 2181 illud

210 2218 248 2278 de
270 2217 367 2280 tribus
388 2217 539 2280 vocabulis
569 2221 707 2298 aspiratis
734 2218 856 2288 ‘lurcho
884 2219 1009 2299 pulcher
1037 2219 1164 2283 orchus’
1193 2223 1223 2282 in
1246 2221 1353 2283 Catho-

210 2319 274 2380 licis
297 2337 373 2397 quae
395 2317 599 2382 inscribuntur
621 2320 711 2383 Probi
748 2321 785 2400 (p.
812 2318 864 2391 10,
894 2318 945 2382 22.
981 2318 1029 2392 14,
1052 2319 1103 2384 33.
1136 2319 1192 2392 22,
1215 2319 1267 2385 27.
1301 2321 1352 2394 38,

209 2417 252 2483 28
273 2422 308 2482 Κ.
334 2421 400 2508 coll.
423 2417 517 2501 prdei.
546 2443 575 2502 p.
599 2422 676 2484 XXV
710 2431 739 2484 et
771 2425 802 2484 in
835 2422 967 2503 symbola
994 2420 1044 2503 97)
1078 2420 1260 2504 propagavit.
1315 2424 1352 2485 Et

209 2525 328 2586 Hortus
342 2523 427 2584 video
444 2523 640 2604 Suringarum
656 2542 774 2603 quoque
797 2525 865 2586 hist.
890 2526 956 2587 crit.
981 2525 1085 2586 scboll.
1101 2525 1177 2588 Latt.
1200 2527 1227 2588 ll
1252 2523 1291 2588 18
1313 2527 1350 2588 ad

211 2625 303 2688 Probi
325 2627 529 2688 auctoritatem
551 2629 676 2688 referre.

281 2727 447 2799 -Quomodo
482 2731 660 2791 distinxerit
686 2728 801 2790 Probus
835 2737 964 2800 textum,
998 2733 1117 2792 unicum
1152 2737 1231 2792 extat
1260 2730 1354 2792 Servii

209 2829 411 2890 testimonium
433 2829 470 2888 de
485 2830 556 2890 hen.
573 2831 598 2892 X
615 2827 685 2900 173,
708 2831 759 2892 ubi
781 2839 933 2914 trecentos
950 2832 1148 2912 subdistingui
1168 2833 1352 2913 hypostigme

213 2930 261 3008 (ci.
286 2929 396 2992 Marius
418 2930 588 2993 Victorinus
610 2951 638 3012 p.
665 2929 747 2994 1942
769 2932 812 3013 Ρ.)
836 2933 942 3004 voluit,
972 2941 1004 2994 ut
1032 2934 1225 3015 sequentibus
1246 2937 1351 3012 iunge·

209 3039 293 3094 retur
315 3035 424 3109 insula,
450 3035 646 3114 sicquidem:
778 3022 785 3032 ¹

411 3215 553 3264 sescentos
576 3207 615 3263 illi
638 3207 748 3264 dederat
770 3209 921 3283 Populonia
943 3217 1030 3265 mater

411 3299 545 3366 expertos
563 3292 626 3349 belli
651 3295 774 3355 iuvenes,
798 3303 840 3350 ast
861 3295 914 3350 llva
937 3303 1086 3360 trecentus,

412 3376 502 3434 insula
525 3379 693 3434 inexhaustis
715 3379 861 3454 Chalybum
884 3395 1016 3453 generosa
1039 3380 1175 3436 metallisa

213 3561 285 3621 Nam
315 3559 389 3621 alios
418 3578 484 3620 curn
514 3561 758 3623 antecedentibus
786 3566 885 3624 insuia
912 3564 1039 3642 iungere
1066 3563 1207 3624 maluisse
1228 3562 1352 3626 Medicei

208 3660 344 3741 exemplo
374 3661 604 3733 demonstratur,
628 3662 680 3724 ubi
700 3671 768 3742 post
790 3683 891 3727 vocem
913 3664 993 3726 illam
1016 3665 1215 3744 distinguitur.

296 3763 338 3824 De
362 3767 522 3825 emendato
543 3771 625 3824 textu
654 3763 727 3825 haec
755 3767 861 3828 tradita
890 3777 967 3830 sunt.
1017 3768 1108 3829 Recte
1136 3769 1352 3830 commendavit

211 3865 283 3925 Aen.
310 3863 366 3924 Xll
389 3860 452 3926 605
474 3865 624 3942 antiquam
648 3874 677 3926 et
698 3885 799 3928 veram
828 3867 984 3930 lectionem
1014 3871 1123 3945 ‘tiores
1144 3914 1150 3929 .
1173 3915 1207 3932 ..
1232 3873 1351 3940 crinis',

213 3967 342 4045 quaein
367 3968 480 4028 nostris
502 3965 586 4027 libris
607 3973 720 4028 tantum
744 3987 802 4029 non
826 3969 964 4032 omnibus
985 3973 1153 4032 recentiore
1177 3977 1273 4048 stauos
1303 3991 1352 4032 ex·

207 4065 293 4146 pdlsa
317 4075 371 4128 est.
424 4068 497 4128 Nam
528 4067 605 4144 quud
635 4071 665 4130 in
688 4068 826 4132 leidensi
855 4089 893 4133 m.
917 4091 963 4152 pr.
993 4080 1021 4133 et
1047 4074 1077 4132 in
1100 4073 1277 4134 Menteliano
1304 4093 1349 4153 pr.

206 4174 300 4246 steros
322 4171 467 4249 scriptum
489 4171 581 4230 luisse
603 4170 743 4233 Heinsius
767 4175 894 4236 coniecit
916 4182 1031 4236 certum
1058 4194 1118 4237 uun
1141 4183 1185 4236 est
1206 4193 1352 4236 numan·

209 4271 292 4348 tique
308 4273 458 4340 memoria
482 4271 621 4335 traditum
645 4292 679 4334 an
705 4293 740 4335 ex
763 4275 865 4336 Servio
888 4285 1054 4338 correctum
1077 4279 1124 4338 sit.
1169 4277 1351 4355 Quamquam

171 4372 175 4382 ’
210 4372 416 4444 memorabile,
440 4373 611 4456 praeclarae
634 4376 858 4448 emendationis
882 4395 939 4455 qua
961 4381 1032 4440 Aen.
1057 4380 1107 4440 Vll
1129 4376 1191 4441 773
1212 4379 1351 4441 Aescula-

210 4474 294 4562 pium
327 4474 489 4546 medicum‚
519 4477 570 4555 qui
603 4475 735 4540 ‘Phoebi
774 4479 945 4557 potentibus
977 4480 1107 4554 herbis’,
1140 4487 1173 4542 ut
1205 4480 1258 4542 Xll
1289 4477 1353 4543 402
