3276 5050
624 427 868 471 escuacomsrur.
1257 404 1315 471 147

151 671 152 674 ¹
259 592 469 655 Difficillimum
493 595 614 655 omnino
637 595 752 665 dicere,
782 613 840 673 quo
868 597 899 656 in
931 597 1042 676 scripto
1065 597 1156 658 Probi
1185 599 1317 678 exposita

175 696 285 756 luerint
306 695 421 774 singula
444 713 579 775 quaeque
601 708 760 777 praecepta
781 701 1000 774 prummotico,
1030 715 1106 776 quae
1130 717 1196 760 cum
1220 700 1316 761 Latini

174 799 320 859 sermonis
342 817 478 859 normam
502 807 531 859 et
554 800 801 860 consuetudinem
817 801 986 863 universam
1003 807 1148 880 spectent,
1173 801 1317 882 exemplis

174 905 273 960 tamen
295 907 414 980 praeter
437 901 492 962 alia
515 900 690 980 Vergilianis
717 920 838 984 quoque
866 903 1061 964 illustrantur.
1113 903 1187 964 Nam
1216 912 1245 965 et
1274 903 1317 964 di-

174 1018 306 1079 gressum
330 1004 440 1064 scimus
462 1021 478 1063 a
501 1002 699 1065 dilticiliorum
722 1012 827 1083 poetae
855 1003 989 1067 locorum
1012 1006 1259 1085 interpretatione
1281 1006 1317 1066 ad

174 1107 360 1184 quaestiones
383 1105 549 1167 uberrimas
572 1113 601 1166 et
630 1105 829 1184 singularibus
857 1107 1167 1179 commentationibus,
1191 1126 1317 1199 quarum

175 1206 302 1268 ‘multos
324 1207 482 1268 admodum
506 1207 616 1268 libros’
639 1227 672 1269 se
693 1208 890 1286 adquisivisse
903 1208 1016 1270 Gellius
1031 1208 1081 1270 XV
1096 1207 1138 1272 30
1152 1211 1314 1291 praedicat,
1435 1217 1437 1221 ’

175 1308 306 1387 silvaque
329 1309 567 1371 observationum
591 1309 718 1390 plurima
740 1311 777 1372 de
800 1311 921 1372 Latinae
943 1311 1060 1390 linguae
1089 1331 1160 1380 usu,
1174 1314 1317 1392 copiosis·
1343 1394 1347 1402 .

174 1412 248 1474 sime
264 1411 452 1473 disseruisse.
497 1411 584 1473 Velut
605 1411 660 1473 ‘de
676 1411 766 1474 dubio
783 1414 935 1492 perlecto’
953 1421 1091 1484 tractans,
1116 1434 1175 1494 quo
1191 1434 1225 1476 er
1241 1414 1318 1476 libro

175 1521 204 1572 et
227 1512 355 1574 Gellium
378 1515 415 1576 Vl
440 1496 514 1597 llll)
543 1511 563 1575 9
591 1533 643 1575 sua
672 1515 836 1576 formarum
864 1517 987 1596 poposci
1012 1534 1166 1596 pepugero
1195 1515 1318 1578 aliarum

174 1615 310 1694 exempla
339 1615 475 1678 hausisse
504 1618 695 1678 consentiunt
722 1615 902 1679 hlercklinus
937 1627 966 1679 et
993 1617 1255 1690 llretzschmcrus,
1290 1627 1320 1678 ct

175 1715 348 1777 Diomedem
370 1718 615 1799 Priscianumque
637 1718 765 1798 plurima
788 1721 974 1800 excerpsisse
988 1720 1023 1780 Η.
1037 1720 1149 1782 lleilius
1171 1723 1202 1782 iu
1224 1722 1318 1801 prael.

174 1818 209 1878 ad
227 1819 320 1880 Diom.
346 1839 374 1899 p.
392 1819 441 1880 Lll
464 1822 575 1890 statuit,
600 1822 687 1883 etiam
710 1821 746 1881 de
768 1821 852 1882 verbi
873 1826 921 1883 aio
943 1822 1081 1902 prosodia
1098 1823 1248 1893 disseruit,
1272 1825 1319 1883 cui

175 1920 394 1982 confirmandae
428 1941 463 1982 ex
493 1923 565 1984 den.
602 1923 613 1982 l
645 1919 705 1984 142
738 1923 917 1986 versiculum
951 1924 1085 2000 adhibuit
1121 1924 1221 2006 (Prisc.
1258 1921 1319 1986 906

174 2023 212 2083 cl.
237 2019 300 2084 875
321 2025 353 2085 P.
378 2023 492 2086 Cathol.
523 2044 552 2104 p.
576 2021 627 2092 35,
651 2022 693 2086 30
714 2026 749 2086 Κ.
774 2025 931 2087 Diomedes
953 2023 1017 2088 370
1038 2027 1069 2087 Ρ.
1092 2026 1204 2088 lleilius
1226 2029 1319 2107 prael.

174 2123 231 2184 vol.
256 2125 310 2186 llll
326 2145 354 2206 p.
371 2125 463 2187 XXVI
475 2125 601 2207 symbol.
614 2123 676 2203 971.
707 2128 834 2206 Scripsit
851 2127 930 2188 idem
950 2128 1005 2188 ‘de
1026 2128 1125 2189 dubiis
1142 2128 1318 2208 generibus'

174 2229 215 2287 ita
237 2235 269 2288 ut
290 2228 503 2308 deponentium
527 2247 602 2309 quae
631 2247 686 2289 nos
714 2228 838 2289 dicimus
866 2230 1026 2291 verborum
1055 2249 1142 2291 usum
1174 2233 1320 2310 exquisita

177 2328 310 2390 doctrin'a
332 2330 504 2392 illustraret.
548 2329 714 2392 Admodum
738 2333 830 2408 igitur
852 2331 1016 2411 probabile,
1049 2348 1124 2410 quae
1148 2333 1226 2413 apud
1250 2332 1317 2394 Ser·

127 2445 129 2450 ·
177 2432 253 2491 vium
278 2431 313 2492 ad
336 2433 407 2493 Aen.
431 2432 444 2492 1
467 2427 529 2493 194
550 2432 587 2493 de
606 2435 728 2510 partior
755 2433 848 2496 verbo
877 2433 1033 2529 traduptur
1063 2452 1099 2494 en
1122 2433 1179 2495 hoc
1200 2437 1317 2514 potissi·

175 2551 256 2594 mum
285 2535 367 2594 fonte
396 2533 526 2596 llurisse.
578 2534 651 2596 Nam
680 2541 709 2596 et
737 2537 768 2596 in
798 2534 956 2598 Catholicis
986 2555 1015 2615 p.
1040 2531 1081 2597 36
1103 2537 1135 2597 P.
1162 2535 1209 2616 (ci.
1233 2536 1319 2597 lleilii

175 2635 268 2714 prael.
292 2654 321 2714 p.
345 2634 422 2697 XIX.
446 2637 538 2698 XXVI
561 2636 654 2717 symb.
672 2633 722 2714 97)
747 2637 803 2698 hoc
826 2640 924 2717 ipsum
949 2637 1031 2699 verbi
1054 2639 1201 2716 ‘partior'
1226 2641 1318 2701 activa

175 2738 389 2816 significatione
401 2739 535 2818 usurpati
548 2738 716 2818 exemplum
729 2739 871 2810 adfertur,
884 2759 940 2801 nec
951 2739 1146 2820 inprobabilis
1161 2739 1318 2802 Xretzsch-

176 2841 252 2900 meli
273 2859 303 2919 p.
326 2835 367 2900 89
391 2842 576 2910 coniectura,
601 2840 687 2901 Gellii
708 2841 799 2903 XVlll
823 2839 862 2902 12
886 2850 915 2902 et
936 2842 1082 2903 Prisciani
1103 2840 1167 2902 Vlll
1189 2838 1231 2903 95
1253 2861 1318 2923 sqq.

175 2948 205 3000 et
227 2941 313 3002 Nouii
337 2940 374 3002 de
397 2937 500 3003 verbis'
518 2959 593 3021 quae
616 2942 754 3004 dicuutur
777 2943 996 3024 deponentibus
1019 2943 1121 3004 titulos
1144 2951 1189 3004 sat
1210 2943 1320 3005 multos

74 3121 76 3126 Ι
177 3043 216 3122 (et
239 3043 341 3122 quidni
362 3049 456 3105 totum
479 3054 568 3125 caput
596 3047 753 3124 septimum
762 3046 783 3125 ll
814 3065 849 3106 ex
871 3045 980 3108 Valerii
1003 3045 1094 3109 Probi
1122 3045 1240 3118 horreis
1268 3047 1318 3107 de-

175 3153 293 3226 sumpta
317 3165 393 3207 esse.
449 3147 490 3208 Ac
522 3149 547 3208 si
574 3154 656 3207 recte
685 3147 763 3208 idem
787 3149 831 3208 vir
854 3147 959 3208 doctus
980 3168 1009 3228 p.
1034 3145 1075 3209 86
1098 3147 1185 3210 Gellii
1207 3147 1257 3208 XV
1281 3146 1319 3208 13

175 3250 255 3325 (item
285 3255 318 3308 ut
341 3247 490 3308 Diomedis
518 3267 547 3328 p.
571 3245 636 3309 400
663 3268 706 3328 sq.
736 3248 771 3308 11.
801 3257 831 3308 et
857 3250 1001 3310 Prisciani
1029 3249 1091 3310 Vlll
1120 3246 1253 3330 15-26)
1283 3249 1319 3310 de

179 3349 278 3411 verbis
301 3348 507 3412 communibus
530 3349 565 3410 ad
588 3349 869 3420 Probumrcttulit,
898 3353 945 3411 vix
973 3351 1167 3412 dubitandum
1197 3335 1267 3432 quin
1290 3355 1319 3412 in

177 3453 235 3513 hoc
257 3453 322 3532 ipso
345 3451 421 3513 libro
444 3453 543 3529 potius
566 3469 654 3530 quam
678 3455 709 3513 in
732 3454 944 3515 commentario
967 3452 1136 3532 Vergiliano
1166 3473 1230 3514 eam
1253 3437 1319 3515 ¹ma·

134 3627 136 3636 .
174 3555 279 3616 teriam
303 3552 480 3624 exhauserit,
505 3555 560 3614 etsi
582 3555 709 3616 fortasse
732 3574 770 3616 ne
785 3554 846 3616 illic
862 3555 981 3633 quidem
997 3554 1086 3615 verba
1108 3559 1234 3632 dipesele
1248 3559 1319 3617 hen.

178 3652 303 3716 111460
326 3662 521 3716 etvenerata
548 3652 612 3718 475
640 3655 756 3718 silentio
783 3659 993 3737 praetermisit.
1045 3657 1126 3718 Idem
1157 3660 1253 3718 sentio
1281 3658 1319 3718 de

175 3759 332 3837 participio
359 3773 468 3834 passus
489 3759 560 3818 Aen.
590 3755 688 3820 1480
717 3756 892 3836 et111263
920 3759 1019 3830 obvio,
1054 3760 1091 3820 dc
1120 3779 1178 3840 quo
1206 3762 1232 3820 si
1262 3767 1320 3820 tam

176 3861 298 3940 copiosa
325 3858 524 3938 disputatione
553 3861 614 3938 egit
644 3859 761 3937 qualern
791 3880 827 3920 ex
855 3860 949 3922 Gellio
977 3861 1028 3922 XV
1058 3858 1097 3924 15
1120 3861 1261 3922 Diomede
1289 3880 1317 3940 p.

174 3959 247 4031 377,
271 3957 311 4021 21
335 3960 370 4021 Κ.
394 3961 547 4021 Prisciano
562 3958 643 4023 1127
667 3961 763 4022 Nonio
779 3979 807 4040 p.
824 3959 896 4033 370,
913 3960 933 4024 8
949 3971 979 4034 et
1004 3961 1076 4031 370.
1103 3959 1319 4025 2011131501]-

174 4081 276 4124 merus
287 4081 316 4142 p.
331 4057 372 4123 86
386 4079 431 4140 sq.
458 4060 515 4142 (cui
527 4062 692 4124 adsentitur
704 4063 843 4124 Hertzius
855 4063 873 4123 l.
888 4065 966 4125 inira
978 4064 997 4124 l.
1009 4081 1038 4141 p.
1057 4061 1130 4143 788)
1143 4063 1320 4145 compilavit,

175 4173 257 4226 certe
280 4166 311 4225 in
334 4166 527 4242 grammatico
550 4163 649 4244 aliquo
666 4168 889 4236 commentario,
914 4186 974 4228 non
989 4166 1041 4228 ubi
1061 4167 1232 4246 interpretis
1254 4186 1319 4228 mu·

175 4285 249 4328 nere
271 4264 460 4344 fungebatur,
485 4268 581 4345 egisse
603 4267 750 4347 putandus
773 4273 818 4329 est
842 4266 888 4346 (cl.
906 4269 1026 4330 Servius
1049 4268 1084 4330 ad
1107 4270 1179 4329 hen.
1202 4264 1320 4346 1480).

175 4368 271 4430 Porro
292 4367 348 4428 ‘de
364 4367 573 4448 inaequalitate
589 4370 829 4431 consuetudinis'
845 4369 997 4430 disserens
1014 4368 1136 4449 (Charis.
1154 4387 1182 4446 p.
1201 4366 1261 4430 189
1276 4370 1320 4448 P.)

175 4470 279 4550 quidni
302 4469 338 4530 de
360 4472 477 4533 Allecto
499 4478 673 4550 monoptoto
697 4471 777 4550 (hen.
801 4467 930 4532 v11324
949 4471 1063 4533 Charis.
1087 4491 1115 4552 p.
1139 4468 1181 4532 94
1195 4472 1228 4533 P.
1252 4471 1319 4533 coll.

1050 4570 1114 4633 10*
