<?xml version="1.0" encoding="UTF-8"?>
<!DOCTYPE html PUBLIC "-//W3C//DTD XHTML 1.0 Transitional//EN"
    "http://www.w3.org/TR/xhtml1/DTD/xhtml1-transitional.dtd">
<html xmlns="http://www.w3.org/1999/xhtml" xml:lang="en" lang="en">
 <head>
  <title>
</title>
<meta http-equiv="Content-Type" content="text/html;charset=utf-8" />
  <meta name='ocr-system' content='tesseract 3.04.00' />
  <meta name='ocr-capabilities' content='ocr_page ocr_carea ocr_par ocr_line ocrx_word'/>
</head>
<body>
  <div class='ocr_page' id='page_1' title='image "./pvergilimaronis02ribbgoog/pvergilimaronis02ribbgoog_0056.png"; bbox 0 0 3212 5042; ppageno 0'>
   <div class='ocr_carea' id='block_1_1' title="bbox 581 417 1282 483">
    <p class='ocr_par' dir='ltr' id='par_1_1' title="bbox 581 417 1282 483">
     <span class='ocr_line' id='line_1_1' title="bbox 581 417 1282 483; baseline 0.003 -4"><span class='ocrx_word' id='word_1_1' title='bbox 581 438 828 483; x_wconf 78' lang='lat' dir='ltr'><strong>raouaoouuuar.</strong></span> <span class='ocrx_word' id='word_1_2' title='bbox 1243 417 1282 481; x_wconf 85' lang='grc'><strong>15</strong></span> 
     </span>
    </p>
   </div>
   <div class='ocr_carea' id='block_1_2' title="bbox 129 606 1281 1806">
    <p class='ocr_par' dir='ltr' id='par_1_2' title="bbox 129 606 1281 1806">
     <span class='ocr_line' id='line_1_2' title="bbox 131 606 1279 687; baseline 0 -19"><span class='ocrx_word' id='word_1_3' title='bbox 131 606 284 676; x_wconf 87' lang='lat' dir='ltr'><strong>retulisse,</strong></span> <span class='ocrx_word' id='word_1_4' title='bbox 310 625 377 667; x_wconf 83' lang='lat' dir='ltr'><strong>cunt</strong></span> <span class='ocrx_word' id='word_1_5' title='bbox 400 609 521 667; x_wconf 90' lang='lat' dir='ltr'><strong>victoria</strong></span> <span class='ocrx_word' id='word_1_6' title='bbox 544 608 622 687; x_wconf 90' lang='lat' dir='ltr'><strong>apud</strong></span> <span class='ocrx_word' id='word_1_7' title='bbox 638 608 821 670; x_wconf 83' lang='lat' dir='ltr'>Naulochum</span> <span class='ocrx_word' id='word_1_8' title='bbox 844 606 881 667; x_wconf 89' lang='lat' dir='ltr'><strong>ab</strong></span> <span class='ocrx_word' id='word_1_9' title='bbox 903 606 1032 686; x_wconf 78' lang='lat' dir='ltr'>Agrippa</span> <span class='ocrx_word' id='word_1_10' title='bbox 1055 607 1092 667; x_wconf 89' lang='lat' dir='ltr'><strong>de</strong></span> <span class='ocrx_word' id='word_1_11' title='bbox 1108 606 1175 668; x_wconf 87' lang='lat' dir='ltr'><strong>Sex.</strong></span> <span class='ocrx_word' id='word_1_12' title='bbox 1192 607 1279 668; x_wconf 89' lang='lat' dir='ltr'><strong>Pom·</strong></span> 
     </span>
     <span class='ocr_line' id='line_1_3' title="bbox 130 697 1281 800; baseline 0 -30"><span class='ocrx_word' id='word_1_13' title='bbox 130 711 200 788; x_wconf 91' lang='lat' dir='ltr'><strong>peio</strong></span> <span class='ocrx_word' id='word_1_14' title='bbox 222 703 261 768; x_wconf 79' lang='grc' dir='ltr'><strong>ἐν</strong></span> <span class='ocrx_word' id='word_1_15' title='bbox 283 697 496 791; x_wconf 76' lang='grc' dir='ltr'><strong><em>φθινοπώρῳ</em></strong></span> <span class='ocrx_word' id='word_1_16' title='bbox 523 717 674 789; x_wconf 89' lang='lat' dir='ltr'><strong>reportata</strong></span> <span class='ocrx_word' id='word_1_17' title='bbox 703 719 822 772; x_wconf 87' lang='lat' dir='ltr'><strong>senatus</strong></span> <span class='ocrx_word' id='word_1_18' title='bbox 850 709 970 770; x_wconf 89' lang='lat' dir='ltr'><strong>decreto</strong></span> <span class='ocrx_word' id='word_1_19' title='bbox 993 707 1167 800; x_wconf 80' lang='lat' dir='ltr'><strong>Novembris</strong></span> <span class='ocrx_word' id='word_1_20' title='bbox 1195 710 1281 770; x_wconf 88' lang='lat' dir='ltr'><strong>initio</strong></span> 
     </span>
     <span class='ocr_line' id='line_1_4' title="bbox 130 810 1281 890; baseline 0 -18"><span class='ocrx_word' id='word_1_21' title='bbox 130 813 249 890; x_wconf 84' lang='lat' dir='ltr'><strong>magnis</strong></span> <span class='ocrx_word' id='word_1_22' title='bbox 273 811 452 873; x_wconf 89' lang='lat' dir='ltr'><strong>Octavianus</strong></span> <span class='ocrx_word' id='word_1_23' title='bbox 474 810 637 873; x_wconf 79' lang='lat' dir='ltr'><strong>honoribus</strong></span> <span class='ocrx_word' id='word_1_24' title='bbox 665 821 769 874; x_wconf 91' lang='lat' dir='ltr'><strong>auctus</strong></span> <span class='ocrx_word' id='word_1_25' title='bbox 797 815 828 874; x_wconf 92' lang='lat' dir='ltr'><strong>in</strong></span> <span class='ocrx_word' id='word_1_26' title='bbox 857 811 981 890; x_wconf 84' lang='lat' dir='ltr'><strong>singulis</strong></span> <span class='ocrx_word' id='word_1_27' title='bbox 1009 810 1175 873; x_wconf 89' lang='lat' dir='ltr'><strong>civitatibus</strong></span> <span class='ocrx_word' id='word_1_28' title='bbox 1202 813 1281 872; x_wconf 91' lang='lat' dir='ltr'><strong>inter</strong></span> 
     </span>
     <span class='ocr_line' id='line_1_5' title="bbox 130 911 1280 997; baseline 0.003 -24"><span class='ocrx_word' id='word_1_29' title='bbox 130 913 204 975; x_wconf 89' lang='lat' dir='ltr'><strong>deos</strong></span> <span class='ocrx_word' id='word_1_30' title='bbox 239 915 327 975; x_wconf 87' lang='lat' dir='ltr'><strong>ctiam</strong></span> <span class='ocrx_word' id='word_1_31' title='bbox 361 913 557 993; x_wconf 83' lang='lat' dir='ltr'><strong>municipales</strong></span> <span class='ocrx_word' id='word_1_32' title='bbox 590 914 647 974; x_wconf 89' lang='lat' dir='ltr'><strong>coli</strong></span> <span class='ocrx_word' id='word_1_33' title='bbox 680 917 828 997; x_wconf 87' lang='lat' dir='ltr'><strong>coepisset</strong></span> <span class='ocrx_word' id='word_1_34' title='bbox 861 913 996 992; x_wconf 84' lang='lat' dir='ltr'><strong>(A&#39;ppiaui</strong></span> <span class='ocrx_word' id='word_1_35' title='bbox 1030 913 1059 974; x_wconf 94' lang='lat' dir='ltr'><strong>b.</strong></span> <span class='ocrx_word' id='word_1_36' title='bbox 1094 932 1120 977; x_wconf 88' lang='lat' dir='ltr'><strong>c.</strong></span> <span class='ocrx_word' id='word_1_37' title='bbox 1151 912 1174 976; x_wconf 91' lang='lat' dir='ltr'>V</span> <span class='ocrx_word' id='word_1_38' title='bbox 1199 911 1280 993; x_wconf 81' lang='grc'><strong>132).</strong></span> 
     </span>
     <span class='ocr_line' id='line_1_6' title="bbox 130 1012 1278 1096; baseline 0 -20"><span class='ocrx_word' id='word_1_39' title='bbox 130 1015 318 1095; x_wconf 84' lang='lat' dir='ltr'><strong>Quamquam</strong></span> <span class='ocrx_word' id='word_1_40' title='bbox 342 1018 436 1076; x_wconf 86' lang='lat' dir='ltr'><strong>rniror</strong></span> <span class='ocrx_word' id='word_1_41' title='bbox 459 1016 537 1096; x_wconf 94' lang='lat' dir='ltr'><strong>quod</strong></span> <span class='ocrx_word' id='word_1_42' title='bbox 562 1018 714 1078; x_wconf 74' lang='lat' dir='ltr'><strong>‘materna</strong></span> <span class='ocrx_word' id='word_1_43' title='bbox 735 1021 851 1094; x_wconf 79' lang='lat' dir='ltr'><strong>mprto&#39;</strong></span> <span class='ocrx_word' id='word_1_44' title='bbox 875 1036 900 1076; x_wconf 92' lang='lat' dir='ltr'><strong>v.</strong></span> <span class='ocrx_word' id='word_1_45' title='bbox 917 1012 958 1076; x_wconf 89' lang='grc'><strong>28</strong></span> <span class='ocrx_word' id='word_1_46' title='bbox 974 1018 1112 1076; x_wconf 80' lang='lat' dir='ltr'><strong>lauream</strong></span> <span class='ocrx_word' id='word_1_47' title='bbox 1129 1034 1278 1084; x_wconf 88' lang='lat' dir='ltr'><strong>coronam,</strong></span> 
     </span>
     <span class='ocr_line' id='line_1_7' title="bbox 129 1115 1279 1198; baseline 0 -20"><span class='ocrx_word' id='word_1_48' title='bbox 129 1135 220 1195; x_wconf 84' lang='lat' dir='ltr'><strong>quarn</strong></span> <span class='ocrx_word' id='word_1_49' title='bbox 243 1126 421 1198; x_wconf 85' lang='lat' dir='ltr'><strong>perpetuam</strong></span> <span class='ocrx_word' id='word_1_50' title='bbox 437 1118 598 1179; x_wconf 85' lang='lat' dir='ltr'><strong>Octaviano</strong></span> <span class='ocrx_word' id='word_1_51' title='bbox 621 1126 685 1178; x_wconf 86' lang='lat' dir='ltr'><strong>turn</strong></span> <span class='ocrx_word' id='word_1_52' title='bbox 708 1117 859 1179; x_wconf 86' lang='lat' dir='ltr'><strong>decretam</strong></span> <span class='ocrx_word' id='word_1_53' title='bbox 883 1117 1017 1178; x_wconf 83' lang='lat' dir='ltr'><strong>assellio</strong></span> <span class='ocrx_word' id='word_1_54' title='bbox 1039 1115 1279 1178; x_wconf 79' lang='lat' dir='ltr'><strong>xxxxvnn15</strong></span> 
     </span>
     <span class='ocr_line' id='line_1_8' title="bbox 130 1221 1279 1299; baseline 0 -19"><span class='ocrx_word' id='word_1_55' title='bbox 130 1229 244 1290; x_wconf 90' lang='lat' dir='ltr'><strong>narrat,</strong></span> <span class='ocrx_word' id='word_1_56' title='bbox 270 1221 431 1299; x_wconf 85' lang='lat' dir='ltr'><strong>significari</strong></span> <span class='ocrx_word' id='word_1_57' title='bbox 453 1221 568 1281; x_wconf 87' lang='lat' dir='ltr'><strong>statuit:</strong></span> <span class='ocrx_word' id='word_1_58' title='bbox 593 1228 737 1299; x_wconf 78' lang='lat' dir='ltr'>myrteam</span> <span class='ocrx_word' id='word_1_59' title='bbox 762 1222 840 1282; x_wconf 87' lang='lat' dir='ltr'><strong>enirn</strong></span> <span class='ocrx_word' id='word_1_60' title='bbox 857 1239 997 1281; x_wconf 84' lang='lat' dir='ltr'><strong>coronant</strong></span> <span class='ocrx_word' id='word_1_61' title='bbox 1014 1226 1134 1280; x_wconf 88' lang='lat' dir='ltr'><strong>ovantes</strong></span> <span class='ocrx_word' id='word_1_62' title='bbox 1150 1221 1279 1297; x_wconf 80' lang='lat' dir='ltr'><strong>gessisse</strong></span> 
     </span>
     <span class='ocr_line' id='line_1_9' title="bbox 129 1318 1279 1402; baseline 0 -20"><span class='ocrx_word' id='word_1_63' title='bbox 129 1321 246 1383; x_wconf 87' lang='lat' dir='ltr'><strong>Plinius</strong></span> <span class='ocrx_word' id='word_1_64' title='bbox 268 1342 297 1382; x_wconf 95' lang='lat' dir='ltr'><strong>n.</strong></span> <span class='ocrx_word' id='word_1_65' title='bbox 323 1323 352 1382; x_wconf 90' lang='lat' dir='ltr'><strong>h.</strong></span> <span class='ocrx_word' id='word_1_66' title='bbox 377 1321 427 1382; x_wconf 88' lang='lat' dir='ltr'><strong>XV</strong></span> <span class='ocrx_word' id='word_1_67' title='bbox 448 1319 500 1392; x_wconf 89' lang='grc'><strong>29,</strong></span> <span class='ocrx_word' id='word_1_68' title='bbox 527 1318 587 1383; x_wconf 91' lang='grc'><strong>125</strong></span> <span class='ocrx_word' id='word_1_69' title='bbox 610 1339 674 1402; x_wconf 89' lang='lat' dir='ltr'><strong>sqq.</strong></span> <span class='ocrx_word' id='word_1_70' title='bbox 701 1330 730 1382; x_wconf 91' lang='lat' dir='ltr'><strong>et</strong></span> <span class='ocrx_word' id='word_1_71' title='bbox 753 1321 864 1383; x_wconf 88' lang='lat' dir='ltr'><strong>Gellius</strong></span> <span class='ocrx_word' id='word_1_72' title='bbox 886 1321 908 1379; x_wconf 94' lang='lat' dir='ltr'>V</span> <span class='ocrx_word' id='word_1_73' title='bbox 930 1320 959 1392; x_wconf 89' lang='grc'><strong>6,</strong></span> <span class='ocrx_word' id='word_1_74' title='bbox 983 1318 1025 1382; x_wconf 91' lang='grc'><strong>20</strong></span> <span class='ocrx_word' id='word_1_75' title='bbox 1048 1341 1112 1400; x_wconf 88' lang='lat' dir='ltr'><strong>sqq.</strong></span> <span class='ocrx_word' id='word_1_76' title='bbox 1141 1329 1279 1382; x_wconf 86' lang='lat' dir='ltr'><strong>auctores</strong></span> 
     </span>
     <span class='ocr_line' id='line_1_10' title="bbox 129 1423 1280 1502; baseline 0 -18"><span class='ocrx_word' id='word_1_77' title='bbox 129 1431 201 1485; x_wconf 93' lang='lat' dir='ltr'><strong>sunt</strong></span> <span class='ocrx_word' id='word_1_78' title='bbox 225 1433 262 1485; x_wconf 87' lang='lat' dir='ltr'><strong>et·</strong></span> <span class='ocrx_word' id='word_1_79' title='bbox 277 1432 414 1485; x_wconf 89' lang='lat' dir='ltr'><strong>ovantem</strong></span> <span class='ocrx_word' id='word_1_80' title='bbox 438 1444 474 1485; x_wconf 87' lang='lat' dir='ltr'><strong>ex</strong></span> <span class='ocrx_word' id='word_1_81' title='bbox 490 1424 587 1485; x_wconf 90' lang='lat' dir='ltr'><strong>Sicilia</strong></span> <span class='ocrx_word' id='word_1_82' title='bbox 603 1424 710 1486; x_wconf 83' lang='lat' dir='ltr'><strong>urhcnr</strong></span> <span class='ocrx_word' id='word_1_83' title='bbox 725 1426 895 1502; x_wconf 87' lang='lat' dir='ltr'><strong>ingressum</strong></span> <span class='ocrx_word' id='word_1_84' title='bbox 920 1443 987 1485; x_wconf 88' lang='lat' dir='ltr'><strong>esse</strong></span> <span class='ocrx_word' id='word_1_85' title='bbox 1004 1424 1160 1484; x_wconf 85' lang='lat' dir='ltr'><strong>Caesarem</strong></span> <span class='ocrx_word' id='word_1_86' title='bbox 1182 1423 1280 1486; x_wconf 89' lang='lat' dir='ltr'><strong>idibus</strong></span> 
     </span>
     <span class='ocr_line' id='line_1_11' title="bbox 129 1523 1280 1606; baseline -0.001 -19"><span class='ocrx_word' id='word_1_87' title='bbox 129 1525 351 1587; x_wconf 89' lang='lat' dir='ltr'><strong>Novembribus</strong></span> <span class='ocrx_word' id='word_1_88' title='bbox 374 1527 444 1586; x_wconf 90' lang='lat' dir='ltr'><strong>anni</strong></span> <span class='ocrx_word' id='word_1_89' title='bbox 468 1523 530 1586; x_wconf 91' lang='grc'><strong>718</strong></span> <span class='ocrx_word' id='word_1_90' title='bbox 553 1533 617 1586; x_wconf 88' lang='lat' dir='ltr'><strong>acta</strong></span> <span class='ocrx_word' id='word_1_91' title='bbox 641 1525 830 1606; x_wconf 86' lang='lat' dir='ltr'><strong>triumphalia</strong></span> <span class='ocrx_word' id='word_1_92' title='bbox 849 1525 1012 1604; x_wconf 84' lang='lat' dir='ltr'><strong>Capitolina</strong></span> <span class='ocrx_word' id='word_1_93' title='bbox 1035 1532 1190 1586; x_wconf 87' lang='lat' dir='ltr'><strong>testantur.</strong></span> <span class='ocrx_word' id='word_1_94' title='bbox 1219 1526 1280 1588; x_wconf 89' lang='lat' dir='ltr'><strong>Nec</strong></span> 
     </span>
     <span class='ocr_line' id='line_1_12' title="bbox 129 1626 1278 1708; baseline 0 -20"><span class='ocrx_word' id='word_1_95' title='bbox 129 1635 255 1708; x_wconf 89' lang='lat' dir='ltr'><strong>propter</strong></span> <span class='ocrx_word' id='word_1_96' title='bbox 278 1629 392 1689; x_wconf 89' lang='lat' dir='ltr'><strong>marina</strong></span> <span class='ocrx_word' id='word_1_97' title='bbox 415 1628 519 1688; x_wconf 89' lang='lat' dir='ltr'><strong>classis</strong></span> <span class='ocrx_word' id='word_1_98' title='bbox 541 1627 675 1707; x_wconf 86' lang='lat' dir='ltr'><strong>pericula</strong></span> <span class='ocrx_word' id='word_1_99' title='bbox 696 1647 755 1688; x_wconf 91' lang='lat' dir='ltr'><strong>non</strong></span> <span class='ocrx_word' id='word_1_100' title='bbox 780 1645 850 1688; x_wconf 90' lang='lat' dir='ltr'><strong>sane</strong></span> <span class='ocrx_word' id='word_1_101' title='bbox 866 1646 986 1706; x_wconf 84' lang='lat' dir='ltr'><strong>seraper</strong></span> <span class='ocrx_word' id='word_1_102' title='bbox 999 1626 1126 1688; x_wconf 77' lang='lat' dir='ltr'><strong>feliciter</strong></span> <span class='ocrx_word' id='word_1_103' title='bbox 1141 1635 1278 1706; x_wconf 89' lang='lat' dir='ltr'><strong>superata</strong></span> 
     </span>
     <span class='ocr_line' id='line_1_13' title="bbox 129 1727 1280 1806; baseline 0 -16"><span class='ocrx_word' id='word_1_104' title='bbox 129 1738 339 1806; x_wconf 81' lang='lat' dir='ltr'><strong>tempestatum</strong></span> <span class='ocrx_word' id='word_1_105' title='bbox 358 1738 510 1806; x_wconf 84' lang='lat' dir='ltr'><strong>potentem</strong></span> <span class='ocrx_word' id='word_1_106' title='bbox 534 1748 558 1789; x_wconf 91' lang='lat' dir='ltr'><strong>v.</strong></span> <span class='ocrx_word' id='word_1_107' title='bbox 576 1727 617 1789; x_wconf 97' lang='grc'><strong>27</strong></span> <span class='ocrx_word' id='word_1_108' title='bbox 635 1729 744 1790; x_wconf 88' lang='lat' dir='ltr'><strong>dictum</strong></span> <span class='ocrx_word' id='word_1_109' title='bbox 769 1747 835 1790; x_wconf 90' lang='lat' dir='ltr'><strong>esse</strong></span> <span class='ocrx_word' id='word_1_110' title='bbox 851 1728 1002 1806; x_wconf 81' lang='lat' dir='ltr'><strong>intellego,</strong></span> <span class='ocrx_word' id='word_1_111' title='bbox 1028 1747 1094 1790; x_wconf 86' lang='lat' dir='ltr'><strong>curn</strong></span> <span class='ocrx_word' id='word_1_112' title='bbox 1114 1745 1189 1806; x_wconf 91' lang='lat' dir='ltr'><strong>quae</strong></span> <span class='ocrx_word' id='word_1_113' title='bbox 1205 1731 1280 1790; x_wconf 89' lang='lat' dir='ltr'><strong>rnari</strong></span> 
     </span>
    </p>
   </div>
   <div class='ocr_carea' id='block_1_3' title="bbox 128 1826 1383 1910">
    <p class='ocr_par' dir='ltr' id='par_1_3' title="bbox 128 1826 1383 1910">
     <span class='ocr_line' id='line_1_14' title="bbox 128 1826 1383 1910; baseline 0 -18"><span class='ocrx_word' id='word_1_114' title='bbox 128 1841 211 1910; x_wconf 84' lang='lat' dir='ltr'><strong>gesta</strong></span> <span class='ocrx_word' id='word_1_115' title='bbox 236 1840 306 1892; x_wconf 91' lang='lat' dir='ltr'><strong>sunt</strong></span> <span class='ocrx_word' id='word_1_116' title='bbox 328 1831 423 1892; x_wconf 88' lang='lat' dir='ltr'><strong>altero</strong></span> <span class='ocrx_word' id='word_1_117' title='bbox 445 1830 581 1892; x_wconf 89' lang='lat' dir='ltr'><strong>membro</strong></span> <span class='ocrx_word' id='word_1_118' title='bbox 596 1831 666 1890; x_wconf 93' lang='lat' dir='ltr'><strong>inde</strong></span> <span class='ocrx_word' id='word_1_119' title='bbox 690 1850 704 1891; x_wconf 92' lang='lat' dir='ltr'><strong>a</strong></span> <span class='ocrx_word' id='word_1_120' title='bbox 728 1850 754 1892; x_wconf 92' lang='lat' dir='ltr'><strong>v.</strong></span> <span class='ocrx_word' id='word_1_121' title='bbox 772 1826 896 1893; x_wconf 81' lang='lat'><strong>29-31</strong></span> <span class='ocrx_word' id='word_1_122' title='bbox 914 1837 1083 1909; x_wconf 87' lang='lat' dir='ltr'><strong>tangantur,</strong></span> <span class='ocrx_word' id='word_1_123' title='bbox 1107 1832 1206 1910; x_wconf 91' lang='lat' dir='ltr'><strong>priore</strong></span> <span class='ocrx_word' id='word_1_124' title='bbox 1229 1851 1279 1892; x_wconf 90' lang='lat' dir='ltr'><strong>au·</strong></span> <span class='ocrx_word' id='word_1_125' title='bbox 1381 1900 1383 1905; x_wconf 47' lang='grc'><strong>,</strong></span> 
     </span>
    </p>
   </div>
   <div class='ocr_carea' id='block_1_4' title="bbox 122 1929 1335 4056">
    <p class='ocr_par' dir='ltr' id='par_1_4' title="bbox 124 1929 1335 3830">
     <span class='ocr_line' id='line_1_15' title="bbox 130 1929 1279 2012; baseline 0.003 -20"><span class='ocrx_word' id='word_1_126' title='bbox 130 1942 189 1994; x_wconf 85' lang='lat' dir='ltr'><strong>tem</strong></span> <span class='ocrx_word' id='word_1_127' title='bbox 212 1932 283 1994; x_wconf 90' lang='lat' dir='ltr'><strong>iude</strong></span> <span class='ocrx_word' id='word_1_128' title='bbox 305 1951 321 1992; x_wconf 91' lang='lat' dir='ltr'><strong>a</strong></span> <span class='ocrx_word' id='word_1_129' title='bbox 343 1952 369 1994; x_wconf 88' lang='lat' dir='ltr'><strong>v.</strong></span> <span class='ocrx_word' id='word_1_130' title='bbox 386 1929 512 1994; x_wconf 77' lang='grc'><strong>26-28</strong></span> <span class='ocrx_word' id='word_1_131' title='bbox 538 1935 655 2005; x_wconf 75' lang='lat' dir='ltr'><strong>urbium</strong></span> <span class='ocrx_word' id='word_1_132' title='bbox 677 1940 890 2010; x_wconf 80' lang='lat' dir='ltr'><strong>terrarumque</strong></span> <span class='ocrx_word' id='word_1_133' title='bbox 911 1951 989 1994; x_wconf 83' lang='lat' dir='ltr'><strong>cern</strong></span> <span class='ocrx_word' id='word_1_134' title='bbox 1011 1932 1157 2003; x_wconf 89' lang='lat' dir='ltr'><strong>laudetur,</strong></span> <span class='ocrx_word' id='word_1_135' title='bbox 1191 1952 1279 2012; x_wconf 85' lang='lat' dir='ltr'><strong>quant</strong></span> 
     </span>
     <span class='ocr_line' id='line_1_16' title="bbox 128 2021 1279 2120; baseline -0.003 -23"><span class='ocrx_word' id='word_1_136' title='bbox 128 2043 325 2115; x_wconf 89' lang='lat' dir='ltr'><strong>suscepturus</strong></span> <span class='ocrx_word' id='word_1_137' title='bbox 341 2021 395 2096; x_wconf 79' lang='lat' dir='ltr'><strong>est.</strong></span> <span class='ocrx_word' id='word_1_138' title='bbox 442 2039 578 2110; x_wconf 80' lang='lat' dir='ltr'><strong>Frepnm</strong></span> <span class='ocrx_word' id='word_1_139' title='bbox 593 2036 683 2120; x_wconf 81' lang='lat' dir='ltr'><strong>igitur</strong></span> <span class='ocrx_word' id='word_1_140' title='bbox 706 2043 972 2111; x_wconf 78' lang='lat' dir='ltr'><strong>tempestatumque</strong></span> <span class='ocrx_word' id='word_1_141' title='bbox 989 2043 1140 2112; x_wconf 85' lang='lat' dir='ltr'><strong>potentem</strong></span> <span class='ocrx_word' id='word_1_142' title='bbox 1164 2054 1199 2094; x_wconf 90' lang='lat' dir='ltr'><strong>eo</strong></span> <span class='ocrx_word' id='word_1_143' title='bbox 1222 2035 1279 2096; x_wconf 90' lang='lat' dir='ltr'><strong>dici</strong></span> 
     </span>
     <span class='ocr_line' id='line_1_17' title="bbox 128 2135 1276 2218; baseline 0.001 -21"><span class='ocrx_word' id='word_1_144' title='bbox 128 2145 263 2218; x_wconf 86' lang='lat' dir='ltr'><strong>apparet,</strong></span> <span class='ocrx_word' id='word_1_145' title='bbox 288 2137 366 2216; x_wconf 93' lang='lat' dir='ltr'><strong>quod</strong></span> <span class='ocrx_word' id='word_1_146' title='bbox 389 2145 566 2216; x_wconf 88' lang='lat' dir='ltr'><strong>recuperata</strong></span> <span class='ocrx_word' id='word_1_147' title='bbox 588 2155 662 2216; x_wconf 89' lang='lat' dir='ltr'><strong>paee</strong></span> <span class='ocrx_word' id='word_1_148' title='bbox 684 2136 843 2214; x_wconf 83' lang='lat' dir='ltr'><strong>diligenter</strong></span> <span class='ocrx_word' id='word_1_149' title='bbox 867 2155 900 2197; x_wconf 91' lang='lat' dir='ltr'><strong>ac</strong></span> <span class='ocrx_word' id='word_1_150' title='bbox 916 2137 1081 2215; x_wconf 87' lang='lat' dir='ltr'><strong>prudenter</strong></span> <span class='ocrx_word' id='word_1_151' title='bbox 1104 2135 1141 2196; x_wconf 81' lang='lat' dir='ltr'><strong>alr</strong></span> <span class='ocrx_word' id='word_1_152' title='bbox 1157 2155 1192 2196; x_wconf 90' lang='lat' dir='ltr'><strong>eo</strong></span> <span class='ocrx_word' id='word_1_153' title='bbox 1209 2155 1276 2198; x_wconf 88' lang='lat' dir='ltr'><strong>cau·</strong></span> 
     </span>
     <span class='ocr_line' id='line_1_18' title="bbox 127 2235 1279 2318; baseline 0 -18"><span class='ocrx_word' id='word_1_154' title='bbox 127 2250 191 2300; x_wconf 92' lang='lat' dir='ltr'><strong>tum</strong></span> <span class='ocrx_word' id='word_1_155' title='bbox 214 2241 252 2300; x_wconf 91' lang='lat' dir='ltr'><strong>iri</strong></span> <span class='ocrx_word' id='word_1_156' title='bbox 275 2247 377 2318; x_wconf 89' lang='lat' dir='ltr'><strong>sperat</strong></span> <span class='ocrx_word' id='word_1_157' title='bbox 399 2245 496 2318; x_wconf 87' lang='lat' dir='ltr'><strong>pocta,</strong></span> <span class='ocrx_word' id='word_1_158' title='bbox 520 2257 558 2298; x_wconf 94' lang='lat' dir='ltr'><strong>ne</strong></span> <span class='ocrx_word' id='word_1_159' title='bbox 582 2255 721 2315; x_wconf 81' lang='lat' dir='ltr'><strong>uinquam</strong></span> <span class='ocrx_word' id='word_1_160' title='bbox 743 2245 846 2317; x_wconf 90' lang='lat' dir='ltr'><strong>postea</strong></span> <span class='ocrx_word' id='word_1_161' title='bbox 863 2257 997 2298; x_wconf 91' lang='lat' dir='ltr'><strong>annonae</strong></span> <span class='ocrx_word' id='word_1_162' title='bbox 1021 2239 1142 2299; x_wconf 86' lang='lat' dir='ltr'><strong>caritate</strong></span> <span class='ocrx_word' id='word_1_163' title='bbox 1163 2235 1279 2300; x_wconf 86' lang='lat' dir='ltr'><strong>laboret</strong></span> 
     </span>
     <span class='ocr_line' id='line_1_19' title="bbox 127 2339 1276 2428; baseline -0.001 -27"><span class='ocrx_word' id='word_1_164' title='bbox 127 2341 211 2402; x_wconf 90' lang='lat' dir='ltr'><strong>ltalia</strong></span> <span class='ocrx_word' id='word_1_165' title='bbox 234 2349 323 2418; x_wconf 89' lang='lat' dir='ltr'><strong>atque</strong></span> <span class='ocrx_word' id='word_1_166' title='bbox 346 2340 447 2400; x_wconf 88' lang='lat' dir='ltr'><strong>Roma.</strong></span> <span class='ocrx_word' id='word_1_167' title='bbox 494 2340 568 2401; x_wconf 90' lang='lat' dir='ltr'><strong>Nam</strong></span> <span class='ocrx_word' id='word_1_168' title='bbox 584 2339 793 2428; x_wconf 87' lang='lat' dir='ltr'><strong>molestissima</strong></span> <span class='ocrx_word' id='word_1_169' title='bbox 807 2358 861 2418; x_wconf 91' lang='lat' dir='ltr'><strong>per</strong></span> <span class='ocrx_word' id='word_1_170' title='bbox 877 2340 1008 2400; x_wconf 86' lang='lat' dir='ltr'><strong>Siculum</strong></span> <span class='ocrx_word' id='word_1_171' title='bbox 1024 2342 1150 2400; x_wconf 87' lang='lat' dir='ltr'><strong>rnaxime</strong></span> <span class='ocrx_word' id='word_1_172' title='bbox 1166 2339 1276 2400; x_wconf 87' lang='lat' dir='ltr'><strong>bellurn</strong></span> 
     </span>
     <span class='ocr_line' id='line_1_20' title="bbox 126 2439 1277 2524; baseline 0 -21"><span class='ocrx_word' id='word_1_173' title='bbox 126 2446 206 2504; x_wconf 88' lang='lat' dir='ltr'><strong>lame</strong></span> <span class='ocrx_word' id='word_1_174' title='bbox 229 2443 409 2504; x_wconf 82' lang='lat' dir='ltr'><strong>laboravisse</strong></span> <span class='ocrx_word' id='word_1_175' title='bbox 432 2441 589 2502; x_wconf 80' lang='lat' dir='ltr'><strong>Romanos·</strong></span> <span class='ocrx_word' id='word_1_176' title='bbox 604 2442 725 2502; x_wconf 91' lang='lat' dir='ltr'><strong>tradunt</strong></span> <span class='ocrx_word' id='word_1_177' title='bbox 747 2442 805 2502; x_wconf 87' lang='lat' dir='ltr'><strong>llio</strong></span> <span class='ocrx_word' id='word_1_178' title='bbox 821 2441 990 2502; x_wconf 88' lang='lat' dir='ltr'><strong>XXXXVlll</strong></span> <span class='ocrx_word' id='word_1_179' title='bbox 1012 2439 1052 2502; x_wconf 88' lang='grc'><strong>31</strong></span> <span class='ocrx_word' id='word_1_180' title='bbox 1077 2450 1106 2502; x_wconf 89' lang='lat' dir='ltr'><strong>ct</strong></span> <span class='ocrx_word' id='word_1_181' title='bbox 1126 2443 1277 2524; x_wconf 82' lang='lat' dir='ltr'><strong>Appianas</strong></span> 
     </span>
     <span class='ocr_line' id='line_1_21' title="bbox 127 2540 1276 2624; baseline 0 -20"><span class='ocrx_word' id='word_1_182' title='bbox 127 2545 155 2606; x_wconf 87' lang='lat' dir='ltr'><strong>b.</strong></span> <span class='ocrx_word' id='word_1_183' title='bbox 182 2563 207 2604; x_wconf 67' lang='lat' dir='ltr'><strong>c⁴</strong></span> <span class='ocrx_word' id='word_1_184' title='bbox 232 2540 311 2604; x_wconf 82' lang='lat' dir='ltr'><strong>V67</strong></span> <span class='ocrx_word' id='word_1_185' title='bbox 329 2560 373 2621; x_wconf 86' lang='lat' dir='ltr'><strong>sq.</strong></span> <span class='ocrx_word' id='word_1_186' title='bbox 398 2544 495 2624; x_wconf 90' lang='lat' dir='ltr'><strong>lpsarn</strong></span> <span class='ocrx_word' id='word_1_187' title='bbox 520 2560 654 2604; x_wconf 91' lang='lat' dir='ltr'><strong>annonae</strong></span> <span class='ocrx_word' id='word_1_188' title='bbox 678 2561 778 2604; x_wconf 87' lang='lat' dir='ltr'><strong>curam</strong></span> <span class='ocrx_word' id='word_1_189' title='bbox 803 2563 881 2606; x_wconf 80' lang='lat' dir='ltr'><strong>atino</strong></span> <span class='ocrx_word' id='word_1_190' title='bbox 904 2544 1025 2606; x_wconf 71' lang='lat' dir='ltr'><strong>«lentum</strong></span> <span class='ocrx_word' id='word_1_191' title='bbox 1041 2541 1102 2606; x_wconf 89' lang='grc'><strong>732</strong></span> <span class='ocrx_word' id='word_1_192' title='bbox 1125 2547 1276 2623; x_wconf 84' lang='lat' dir='ltr'><strong>recepisse</strong></span> 
     </span>
     <span class='ocr_line' id='line_1_22' title="bbox 125 2625 1276 2724; baseline -0.001 -17"><span class='ocrx_word' id='word_1_193' title='bbox 125 2650 294 2724; x_wconf 84' lang='lat' dir='ltr'><strong>Augustum</strong></span> <span class='ocrx_word' id='word_1_194' title='bbox 319 2653 423 2706; x_wconf 88' lang='lat' dir='ltr'><strong>notum</strong></span> <span class='ocrx_word' id='word_1_195' title='bbox 448 2653 500 2706; x_wconf 91' lang='lat' dir='ltr'><strong>est.</strong></span> <span class='ocrx_word' id='word_1_196' title='bbox 554 2645 688 2722; x_wconf 85' lang='lat' dir='ltr'><strong>Denique</strong></span> <span class='ocrx_word' id='word_1_197' title='bbox 717 2645 793 2724; x_wconf 91' lang='lat' dir='ltr'><strong>qnod</strong></span> <span class='ocrx_word' id='word_1_198' title='bbox 825 2648 854 2704; x_wconf 94' lang='lat' dir='ltr'><strong>in</strong></span> <span class='ocrx_word' id='word_1_199' title='bbox 884 2646 1058 2706; x_wconf 80' lang='lat' dir='ltr'><strong>enarrandis</strong></span> <span class='ocrx_word' id='word_1_200' title='bbox 1088 2625 1180 2706; x_wconf 72' lang='lat' dir='ltr'><strong>rebus</strong></span> <span class='ocrx_word' id='word_1_201' title='bbox 1206 2665 1276 2706; x_wconf 90' lang='lat' dir='ltr'><strong>vere</strong></span> 
     </span>
     <span class='ocr_line' id='line_1_23' title="bbox 127 2734 1276 2827; baseline -0.001 -19"><span class='ocrx_word' id='word_1_202' title='bbox 127 2749 197 2808; x_wconf 90' lang='lat' dir='ltr'><strong>anni</strong></span> <span class='ocrx_word' id='word_1_203' title='bbox 221 2744 285 2808; x_wconf 94' lang='grc'><strong>720</strong></span> <span class='ocrx_word' id='word_1_204' title='bbox 317 2749 408 2826; x_wconf 70' lang='lat' dir='ltr'><strong>gastis</strong></span> <span class='ocrx_word' id='word_1_205' title='bbox 441 2747 520 2808; x_wconf 87' lang='lat' dir='ltr'><strong>idern</strong></span> <span class='ocrx_word' id='word_1_206' title='bbox 544 2746 597 2807; x_wconf 85' lang='lat' dir='ltr'><strong>llio</strong></span> <span class='ocrx_word' id='word_1_207' title='bbox 620 2747 803 2808; x_wconf 89' lang='lat' dir='ltr'><strong>XXXXVllll</strong></span> <span class='ocrx_word' id='word_1_208' title='bbox 826 2744 867 2808; x_wconf 84' lang='lat'><strong>38</strong></span> <span class='ocrx_word' id='word_1_209' title='bbox 900 2755 1047 2808; x_wconf 85' lang='lat' dir='ltr'><strong>memorat</strong></span> <span class='ocrx_word' id='word_1_210' title='bbox 1079 2734 1276 2827; x_wconf 75' lang='grc' dir='ltr'><em>ὡρμημένου</em></span> 
     </span>
     <span class='ocr_line' id='line_1_24' title="bbox 126 2837 1276 2928; baseline -0.001 -19"><span class='ocrx_word' id='word_1_211' title='bbox 126 2841 163 2910; x_wconf 76' lang='grc' dir='ltr'><strong>δὲ</strong></span> <span class='ocrx_word' id='word_1_212' title='bbox 185 2837 296 2910; x_wconf 79' lang='grc' dir='ltr'><em>αὐτοῦ</em></span> <span class='ocrx_word' id='word_1_213' title='bbox 317 2851 367 2927; x_wconf 76' lang='lat' dir='ltr'><strong>(sc.</strong></span> <span class='ocrx_word' id='word_1_214' title='bbox 392 2845 454 2908; x_wconf 79' lang='grc' dir='ltr'><strong>τοῦ</strong></span> <span class='ocrx_word' id='word_1_215' title='bbox 469 2847 647 2928; x_wconf 79' lang='grc' dir='ltr'>Καίσαρος)</span> <span class='ocrx_word' id='word_1_216' title='bbox 671 2841 726 2908; x_wconf 83' lang='grc' dir='ltr'><strong>καὶ</strong></span> <span class='ocrx_word' id='word_1_217' title='bbox 748 2843 781 2920; x_wconf 76' lang='grc' dir='ltr'><strong>ἐς</strong></span> <span class='ocrx_word' id='word_1_218' title='bbox 802 2837 864 2928; x_wconf 73' lang='grc' dir='ltr'><strong>τὴν</strong></span> <span class='ocrx_word' id='word_1_219' title='bbox 886 2848 1096 2928; x_wconf 79' lang='grc' dir='ltr'><strong><em>Βρεταννίαν</em></strong></span> <span class='ocrx_word' id='word_1_220' title='bbox 1119 2839 1202 2928; x_wconf 73' lang='lat' dir='ltr'><strong>quad</strong></span> <span class='ocrx_word' id='word_1_221' title='bbox 1217 2838 1276 2910; x_wconf 80' lang='grc' dir='ltr'><strong>τὸν</strong></span> 
     </span>
     <span class='ocr_line' id='line_1_25' title="bbox 126 2939 1274 3030; baseline 0.001 -19"><span class='ocrx_word' id='word_1_222' title='bbox 126 2939 339 3030; x_wconf 79' lang='grc' dir='ltr'><em>τοῦπατρὸς</em></span> <span class='ocrx_word' id='word_1_223' title='bbox 367 2946 467 3028; x_wconf 76' lang='grc' dir='ltr'><strong><em>ζῆλον</em></strong></span> <span class='ocrx_word' id='word_1_224' title='bbox 495 2946 696 3030; x_wconf 77' lang='grc' dir='ltr'><strong><em>στρατεῦσαι</em></strong></span> <span class='ocrx_word' id='word_1_225' title='bbox 723 2950 808 3012; x_wconf 89' lang='lat' dir='ltr'><strong>lacile</strong></span> <span class='ocrx_word' id='word_1_226' title='bbox 838 2953 966 3012; x_wconf 90' lang='lat' dir='ltr'><strong>conicias</strong></span> <span class='ocrx_word' id='word_1_227' title='bbox 992 2950 1081 3029; x_wconf 88' lang='lat' dir='ltr'><strong>paulo</strong></span> <span class='ocrx_word' id='word_1_228' title='bbox 1105 2960 1172 3014; x_wconf 86' lang='lat' dir='ltr'><strong>ante</strong></span> <span class='ocrx_word' id='word_1_229' title='bbox 1196 2969 1274 3014; x_wconf 87' lang='lat' dir='ltr'><strong>anno</strong></span> 
     </span>
     <span class='ocr_line' id='line_1_26' title="bbox 125 3050 1275 3131; baseline 0 -19"><span class='ocrx_word' id='word_1_230' title='bbox 125 3053 171 3113; x_wconf 83' lang='lat' dir='ltr'><strong>vel</strong></span> <span class='ocrx_word' id='word_1_231' title='bbox 195 3050 258 3114; x_wconf 89' lang='grc'><strong>718</strong></span> <span class='ocrx_word' id='word_1_232' title='bbox 282 3052 328 3114; x_wconf 86' lang='lat' dir='ltr'><strong>vel</strong></span> <span class='ocrx_word' id='word_1_233' title='bbox 352 3050 415 3114; x_wconf 87' lang='grc'><strong>719</strong></span> <span class='ocrx_word' id='word_1_234' title='bbox 437 3071 558 3112; x_wconf 84' lang='lat' dir='ltr'><strong>rumore</strong></span> <span class='ocrx_word' id='word_1_235' title='bbox 581 3053 734 3114; x_wconf 85' lang='lat' dir='ltr'><strong>hominurn</strong></span> <span class='ocrx_word' id='word_1_236' title='bbox 757 3061 915 3114; x_wconf 88' lang='lat' dir='ltr'><strong>tractatum</strong></span> <span class='ocrx_word' id='word_1_237' title='bbox 939 3070 1015 3122; x_wconf 89' lang='lat' dir='ltr'><strong>esse,</strong></span> <span class='ocrx_word' id='word_1_238' title='bbox 1039 3060 1071 3114; x_wconf 92' lang='lat' dir='ltr'><strong>ut</strong></span> <span class='ocrx_word' id='word_1_239' title='bbox 1095 3071 1168 3131; x_wconf 91' lang='lat' dir='ltr'><strong>quae</strong></span> <span class='ocrx_word' id='word_1_240' title='bbox 1192 3073 1216 3113; x_wconf 94' lang='lat' dir='ltr'><strong>v.</strong></span> <span class='ocrx_word' id='word_1_241' title='bbox 1234 3051 1275 3114; x_wconf 85' lang='lat'><strong>30</strong></span> 
     </span>
     <span class='ocr_line' id='line_1_27' title="bbox 125 3155 1272 3234; baseline 0 -20"><span class='ocrx_word' id='word_1_242' title='bbox 125 3157 303 3216; x_wconf 89' lang='lat' dir='ltr'><strong>vaticinatur</strong></span> <span class='ocrx_word' id='word_1_243' title='bbox 326 3162 413 3234; x_wconf 91' lang='lat' dir='ltr'><strong>poeta</strong></span> <span class='ocrx_word' id='word_1_244' title='bbox 438 3157 643 3216; x_wconf 75' lang='lat' dir='ltr'><strong>‘tibtserct‘ot</strong></span> <span class='ocrx_word' id='word_1_245' title='bbox 664 3158 771 3216; x_wconf 80' lang='lat' dir='ltr'><strong>ultima</strong></span> <span class='ocrx_word' id='word_1_246' title='bbox 796 3155 907 3230; x_wconf 77' lang='lat' dir='ltr'><strong>Piple’</strong></span> <span class='ocrx_word' id='word_1_247' title='bbox 937 3155 972 3214; x_wconf 93' lang='lat' dir='ltr'><strong>ad</strong></span> <span class='ocrx_word' id='word_1_248' title='bbox 995 3156 1088 3233; x_wconf 80' lang='lat' dir='ltr'><strong>ipsunt</strong></span> <span class='ocrx_word' id='word_1_249' title='bbox 1117 3155 1197 3216; x_wconf 87' lang='lat' dir='ltr'><strong>illarn</strong></span> <span class='ocrx_word' id='word_1_250' title='bbox 1221 3174 1272 3215; x_wconf 84' lang='lat' dir='ltr'><strong>ex·</strong></span> 
     </span>
     <span class='ocr_line' id='line_1_28' title="bbox 125 3258 1335 3337; baseline 0.001 -21"><span class='ocrx_word' id='word_1_251' title='bbox 125 3259 309 3337; x_wconf 84' lang='lat' dir='ltr'><strong>peditionenr</strong></span> <span class='ocrx_word' id='word_1_252' title='bbox 326 3258 535 3327; x_wconf 86' lang='lat' dir='ltr'><strong>Britannicam,</strong></span> <span class='ocrx_word' id='word_1_253' title='bbox 560 3275 648 3336; x_wconf 83' lang='lat' dir='ltr'><strong>quarn</strong></span> <span class='ocrx_word' id='word_1_254' title='bbox 672 3275 740 3317; x_wconf 84' lang='lat' dir='ltr'><strong>mox</strong></span> <span class='ocrx_word' id='word_1_255' title='bbox 763 3265 899 3337; x_wconf 87' lang='lat' dir='ltr'><strong>paratum</strong></span> <span class='ocrx_word' id='word_1_256' title='bbox 921 3259 959 3316; x_wconf 92' lang='lat' dir='ltr'><strong>iri</strong></span> <span class='ocrx_word' id='word_1_257' title='bbox 982 3275 1080 3318; x_wconf 88' lang='lat' dir='ltr'><strong>serrno</strong></span> <span class='ocrx_word' id='word_1_258' title='bbox 1102 3265 1188 3326; x_wconf 89' lang='lat' dir='ltr'><strong>esset,</strong></span> <span class='ocrx_word' id='word_1_259' title='bbox 1213 3275 1272 3317; x_wconf 94' lang='lat' dir='ltr'><strong>non</strong></span> <span class='ocrx_word' id='word_1_260' title='bbox 1331 3305 1335 3317; x_wconf 72' lang='grc'><strong>,</strong></span> 
     </span>
     <span class='ocr_line' id='line_1_29' title="bbox 124 3356 1171 3442; baseline 0 -23"><span class='ocrx_word' id='word_1_261' title='bbox 124 3362 224 3442; x_wconf 91' lang='lat' dir='ltr'><strong>inepte</strong></span> <span class='ocrx_word' id='word_1_262' title='bbox 247 3361 425 3422; x_wconf 84' lang='lat' dir='ltr'><strong>reserantur.</strong></span> <span class='ocrx_word' id='word_1_263' title='bbox 1169 3356 1171 3362; x_wconf 84' lang='grc'><strong>’</strong></span> 
     </span>
     <span class='ocr_line' id='line_1_30' title="bbox 208 3458 1178 3540; baseline 0 -18"><span class='ocrx_word' id='word_1_264' title='bbox 208 3463 306 3523; x_wconf 89' lang='lat' dir='ltr'><strong>Porro</strong></span> <span class='ocrx_word' id='word_1_265' title='bbox 329 3463 360 3522; x_wconf 92' lang='lat' dir='ltr'><strong>in</strong></span> <span class='ocrx_word' id='word_1_266' title='bbox 384 3469 517 3524; x_wconf 84' lang='lat' dir='ltr'><strong>extremo</strong></span> <span class='ocrx_word' id='word_1_267' title='bbox 540 3460 616 3522; x_wconf 88' lang='lat' dir='ltr'><strong>libro</strong></span> <span class='ocrx_word' id='word_1_268' title='bbox 641 3461 719 3540; x_wconf 90' lang='lat' dir='ltr'><strong>quod</strong></span> <span class='ocrx_word' id='word_1_269' title='bbox 745 3463 878 3539; x_wconf 87' lang='lat' dir='ltr'><strong>queritur</strong></span> <span class='ocrx_word' id='word_1_270' title='bbox 900 3480 926 3521; x_wconf 87' lang='lat' dir='ltr'><strong>v.</strong></span> <span class='ocrx_word' id='word_1_271' title='bbox 949 3458 1012 3522; x_wconf 90' lang='grc'><strong>505</strong></span> <span class='ocrx_word' id='word_1_272' title='bbox 1035 3478 1098 3540; x_wconf 89' lang='lat' dir='ltr'><strong>sqq.</strong></span> <span class='ocrx_word' id='word_1_273' title='bbox 1175 3481 1178 3486; x_wconf 74' lang='grc'>’</span> 
     </span>
     <span class='ocr_line' id='line_1_31' title="bbox 430 3583 1272 3658; baseline 0 -18"><span class='ocrx_word' id='word_1_274' title='bbox 430 3585 471 3640; x_wconf 86' lang='lat' dir='ltr'><strong>ias</strong></span> <span class='ocrx_word' id='word_1_275' title='bbox 494 3602 602 3641; x_wconf 88' lang='lat' dir='ltr'><strong>versum</strong></span> <span class='ocrx_word' id='word_1_276' title='bbox 624 3593 707 3658; x_wconf 85' lang='lat' dir='ltr'><strong>atque</strong></span> <span class='ocrx_word' id='word_1_277' title='bbox 730 3585 820 3642; x_wconf 83' lang='lat' dir='ltr'><strong>nolas:</strong></span> <span class='ocrx_word' id='word_1_278' title='bbox 846 3593 886 3640; x_wconf 88' lang='lat' dir='ltr'><strong>tot</strong></span> <span class='ocrx_word' id='word_1_279' title='bbox 908 3583 979 3640; x_wconf 87' lang='lat' dir='ltr'><strong>bella</strong></span> <span class='ocrx_word' id='word_1_280' title='bbox 1002 3601 1050 3658; x_wconf 90' lang='lat' dir='ltr'><strong>per</strong></span> <span class='ocrx_word' id='word_1_281' title='bbox 1066 3585 1168 3648; x_wconf 84' lang='lat' dir='ltr'><strong>orbem,</strong></span> <span class='ocrx_word' id='word_1_282' title='bbox 1270 3625 1272 3628; x_wconf 88' lang='lat'>-</span> 
     </span>
     <span class='ocr_line' id='line_1_32' title="bbox 253 3669 1000 3735; baseline 0 -9"><span class='ocrx_word' id='word_1_283' title='bbox 253 3679 309 3727; x_wconf 86' lang='lat' dir='ltr'><strong>tam</strong></span> <span class='ocrx_word' id='word_1_284' title='bbox 332 3670 433 3726; x_wconf 80' lang='lat' dir='ltr'><strong>inultae</strong></span> <span class='ocrx_word' id='word_1_285' title='bbox 456 3671 590 3726; x_wconf 88' lang='lat' dir='ltr'><strong>scelerum</strong></span> <span class='ocrx_word' id='word_1_286' title='bbox 614 3669 713 3735; x_wconf 87' lang='lat' dir='ltr'><strong>lacies;</strong></span> <span class='ocrx_word' id='word_1_287' title='bbox 736 3688 790 3727; x_wconf 93' lang='lat' dir='ltr'><strong>non</strong></span> <span class='ocrx_word' id='word_1_288' title='bbox 813 3671 886 3726; x_wconf 92' lang='lat' dir='ltr'><strong>ullus</strong></span> <span class='ocrx_word' id='word_1_289' title='bbox 909 3679 1000 3726; x_wconf 85' lang='lat' dir='ltr'><strong>aratro</strong></span> 
     </span>
     <span class='ocr_line' id='line_1_33' title="bbox 251 3755 1130 3830; baseline 0 -18"><span class='ocrx_word' id='word_1_290' title='bbox 251 3757 352 3830; x_wconf 86' lang='lat' dir='ltr'><strong>dignus</strong></span> <span class='ocrx_word' id='word_1_291' title='bbox 374 3757 476 3819; x_wconf 87' lang='lat' dir='ltr'><strong>honos,</strong></span> <span class='ocrx_word' id='word_1_292' title='bbox 500 3755 626 3830; x_wconf 86' lang='lat' dir='ltr'><strong>squalent</strong></span> <span class='ocrx_word' id='word_1_293' title='bbox 648 3755 772 3812; x_wconf 87' lang='lat' dir='ltr'><strong>abductis</strong></span> <span class='ocrx_word' id='word_1_294' title='bbox 795 3773 855 3812; x_wconf 86' lang='lat' dir='ltr'><strong>arva</strong></span> <span class='ocrx_word' id='word_1_295' title='bbox 879 3755 984 3810; x_wconf 86' lang='lat' dir='ltr'><strong>colonis</strong></span> <span class='ocrx_word' id='word_1_296' title='bbox 1007 3771 1032 3810; x_wconf 88' lang='lat' dir='ltr'><strong>e.</strong></span> <span class='ocrx_word' id='word_1_297' title='bbox 1055 3775 1082 3830; x_wconf 81' lang='lat' dir='ltr'><strong>q.</strong></span> <span class='ocrx_word' id='word_1_298' title='bbox 1106 3772 1130 3812; x_wconf 87' lang='lat' dir='ltr'><strong>s.</strong></span> 
     </span>
    </p>

    <p class='ocr_par' dir='ltr' id='par_1_5' title="bbox 122 3869 1268 4056">
     <span class='ocr_line' id='line_1_34' title="bbox 124 3869 1268 3950; baseline 0 -18"><span class='ocrx_word' id='word_1_299' title='bbox 124 3871 200 3949; x_wconf 91' lang='lat' dir='ltr'><strong>quod</strong></span> <span class='ocrx_word' id='word_1_300' title='bbox 223 3876 343 3933; x_wconf 80' lang='lat' dir='ltr'><strong>saeuire</strong></span> <span class='ocrx_word' id='word_1_301' title='bbox 365 3880 425 3933; x_wconf 87' lang='lat' dir='ltr'><strong>toto</strong></span> <span class='ocrx_word' id='word_1_302' title='bbox 448 3875 520 3932; x_wconf 81' lang='lat' dir='ltr'><strong>orbe</strong></span> <span class='ocrx_word' id='word_1_303' title='bbox 542 3873 674 3932; x_wconf 84' lang='lat' dir='ltr'><strong>Mortem</strong></span> <span class='ocrx_word' id='word_1_304' title='bbox 696 3873 819 3949; x_wconf 70' lang='lat' dir='ltr'><strong>emptum</strong></span> <span class='ocrx_word' id='word_1_305' title='bbox 842 3871 913 3931; x_wconf 90' lang='lat' dir='ltr'><strong>dicit</strong></span> <span class='ocrx_word' id='word_1_306' title='bbox 939 3890 964 3930; x_wconf 86' lang='lat' dir='ltr'><strong>v.</strong></span> <span class='ocrx_word' id='word_1_307' title='bbox 995 3869 1056 3930; x_wconf 90' lang='grc'><strong>511</strong></span> <span class='ocrx_word' id='word_1_308' title='bbox 1082 3870 1221 3950; x_wconf 88' lang='lat' dir='ltr'><strong>quodque</strong></span> <span class='ocrx_word' id='word_1_309' title='bbox 1243 3891 1268 3932; x_wconf 90' lang='lat' dir='ltr'><strong>v.</strong></span> 
     </span>
     <span class='ocr_line' id='line_1_35' title="bbox 122 3971 349 4056; baseline -0.004 -20"><span class='ocrx_word' id='word_1_310' title='bbox 122 3971 185 4036; x_wconf 92' lang='grc'><strong>500</strong></span> <span class='ocrx_word' id='word_1_311' title='bbox 205 3983 349 4056; x_wconf 89' lang='lat' dir='ltr'><strong>precatur</strong></span> 
     </span>
    </p>
   </div>
   <div class='ocr_carea' id='block_1_5' title="bbox 251 4087 998 4250">
    <p class='ocr_par' dir='ltr' id='par_1_6' title="bbox 251 4087 998 4250">
     <span class='ocr_line' id='line_1_36' title="bbox 251 4087 998 4148; baseline -0.003 -2"><span class='ocrx_word' id='word_1_312' title='bbox 251 4093 325 4147; x_wconf 86' lang='lat' dir='ltr'><strong>hunc</strong></span> <span class='ocrx_word' id='word_1_313' title='bbox 348 4091 444 4147; x_wconf 86' lang='lat' dir='ltr'><strong>saltem</strong></span> <span class='ocrx_word' id='word_1_314' title='bbox 467 4107 562 4148; x_wconf 88' lang='lat' dir='ltr'><strong>everso</strong></span> <span class='ocrx_word' id='word_1_315' title='bbox 585 4091 709 4146; x_wconf 86' lang='lat' dir='ltr'><strong>invenem</strong></span> <span class='ocrx_word' id='word_1_316' title='bbox 732 4104 892 4145; x_wconf 85' lang='lat' dir='ltr'><strong>succurrere</strong></span> <span class='ocrx_word' id='word_1_317' title='bbox 909 4087 998 4145; x_wconf 89' lang='lat' dir='ltr'><strong>saeclo</strong></span> 
     </span>
     <span class='ocr_line' id='line_1_37' title="bbox 251 4175 467 4250; baseline 0 -18"><span class='ocrx_word' id='word_1_318' title='bbox 251 4194 286 4232; x_wconf 90' lang='lat' dir='ltr'><strong>ne</strong></span> <span class='ocrx_word' id='word_1_319' title='bbox 309 4175 467 4250; x_wconf 72' lang='lat' dir='ltr'><strong>prohibete!</strong></span> 
     </span>
    </p>
   </div>
   <div class='ocr_carea' id='block_1_6' title="bbox 124 4277 1267 4362">
    <p class='ocr_par' dir='ltr' id='par_1_7' title="bbox 124 4277 1267 4362">
     <span class='ocr_line' id='line_1_38' title="bbox 124 4277 1267 4362; baseline -0.002 -18"><span class='ocrx_word' id='word_1_320' title='bbox 124 4291 238 4346; x_wconf 86' lang='lat' dir='ltr'><strong>certum</strong></span> <span class='ocrx_word' id='word_1_321' title='bbox 264 4291 308 4344; x_wconf 89' lang='lat' dir='ltr'><strong>cst</strong></span> <span class='ocrx_word' id='word_1_322' title='bbox 332 4301 392 4344; x_wconf 94' lang='lat' dir='ltr'><strong>non</strong></span> <span class='ocrx_word' id='word_1_323' title='bbox 414 4302 504 4362; x_wconf 88' lang='lat' dir='ltr'><strong>posse</strong></span> <span class='ocrx_word' id='word_1_324' title='bbox 527 4300 605 4344; x_wconf 89' lang='lat' dir='ltr'><strong>anno</strong></span> <span class='ocrx_word' id='word_1_325' title='bbox 628 4277 690 4344; x_wconf 92' lang='grc'><strong>725</strong></span> <span class='ocrx_word' id='word_1_326' title='bbox 712 4281 832 4344; x_wconf 82' lang='lat' dir='ltr'><strong>demunt</strong></span> <span class='ocrx_word' id='word_1_327' title='bbox 855 4283 997 4360; x_wconf 88' lang='lat' dir='ltr'><strong>scriptum</strong></span> <span class='ocrx_word' id='word_1_328' title='bbox 1022 4300 1102 4351; x_wconf 90' lang='lat' dir='ltr'><strong>esse,</strong></span> <span class='ocrx_word' id='word_1_329' title='bbox 1133 4301 1191 4362; x_wconf 86' lang='lat' dir='ltr'><strong>quo</strong></span> <span class='ocrx_word' id='word_1_330' title='bbox 1214 4282 1267 4344; x_wconf 90' lang='lat' dir='ltr'><strong>tri·</strong></span> 
     </span>
    </p>
   </div>
   <div class='ocr_carea' id='block_1_7' title="bbox 125 4383 1267 4567">
    <p class='ocr_par' dir='ltr' id='par_1_8' title="bbox 125 4383 1267 4567">
     <span class='ocr_line' id='line_1_39' title="bbox 125 4383 1266 4464; baseline -0.002 -18"><span class='ocrx_word' id='word_1_331' title='bbox 125 4389 203 4464; x_wconf 83' lang='lat' dir='ltr'><strong>ginta</strong></span> <span class='ocrx_word' id='word_1_332' title='bbox 236 4403 288 4446; x_wconf 83' lang='lat' dir='ltr'><strong>sex</strong></span> <span class='ocrx_word' id='word_1_333' title='bbox 318 4404 465 4446; x_wconf 86' lang='lat' dir='ltr'><strong>annorum</strong></span> <span class='ocrx_word' id='word_1_334' title='bbox 494 4387 536 4444; x_wconf 91' lang='lat' dir='ltr'><strong>vir</strong></span> <span class='ocrx_word' id='word_1_335' title='bbox 566 4385 742 4446; x_wconf 88' lang='lat' dir='ltr'><strong>Octavianus</strong></span> <span class='ocrx_word' id='word_1_336' title='bbox 771 4385 832 4444; x_wconf 90' lang='lat' dir='ltr'><strong>lani</strong></span> <span class='ocrx_word' id='word_1_337' title='bbox 859 4383 1001 4462; x_wconf 82' lang='lat' dir='ltr'><strong>ternplum</strong></span> <span class='ocrx_word' id='word_1_338' title='bbox 1031 4383 1144 4444; x_wconf 87' lang='lat' dir='ltr'><strong>elausit.</strong></span> <span class='ocrx_word' id='word_1_339' title='bbox 1194 4385 1266 4444; x_wconf 86' lang='lat' dir='ltr'><strong>Nam</strong></span> 
     </span>
     <span class='ocr_line' id='line_1_40' title="bbox 125 4484 1267 4567; baseline -0.005 -17"><span class='ocrx_word' id='word_1_340' title='bbox 125 4490 275 4550; x_wconf 76' lang='lat' dir='ltr'><strong>dominum</strong></span> <span class='ocrx_word' id='word_1_341' title='bbox 304 4506 418 4548; x_wconf 71' lang='lat' dir='ltr'><strong>carruae</strong></span> <span class='ocrx_word' id='word_1_342' title='bbox 446 4489 614 4564; x_wconf 74' lang='lat' dir='ltr'><strong>triumphos</strong></span> <span class='ocrx_word' id='word_1_343' title='bbox 643 4487 681 4566; x_wconf 88' lang='lat' dir='ltr'><strong>(v.</strong></span> <span class='ocrx_word' id='word_1_344' title='bbox 705 4484 792 4567; x_wconf 77' lang='grc'><strong>504),</strong></span> <span class='ocrx_word' id='word_1_345' title='bbox 822 4486 850 4545; x_wconf 85' lang='lat' dir='ltr'><strong>lr.</strong></span> <span class='ocrx_word' id='word_1_346' title='bbox 883 4503 908 4544; x_wconf 88' lang='lat' dir='ltr'><strong>c.</strong></span> <span class='ocrx_word' id='word_1_347' title='bbox 940 4503 1099 4561; x_wconf 87' lang='lat' dir='ltr'><strong>quaerere,</strong></span> <span class='ocrx_word' id='word_1_348' title='bbox 1131 4485 1267 4546; x_wconf 84' lang='lat' dir='ltr'><strong>meditari</strong></span> 
     </span>
    </p>
   </div>
   <div class='ocr_carea' id='block_1_8' title="bbox 0 0 1610 5042">
    <p class='ocr_par' dir='ltr' id='par_1_9' title="bbox 0 0 1610 5042">
     <span class='ocr_line' id='line_1_41' title="bbox 0 0 1610 5042; baseline 0 2"><span class='ocrx_word' id='word_1_349' title='bbox 0 0 1610 5042; x_wconf 95' lang='lat' dir='ltr'><strong> </strong></span> 
     </span>
    </p>
   </div>
  </div>
 </body>
</html>
