3276 5050
639 434 882 478 reonneonnnn.
1275 410 1336 476 143

189 613 264 669 strat
285 611 459 684 corruptam
483 622 548 665 esse
571 622 587 664 a
608 603 756 682 Vergilio,
785 604 836 683 qui
858 602 968 664 llianee
990 603 1152 680 imaginem
1173 602 1205 663 in
1226 602 1299 664 ben.
1323 602 1335 663 l

187 706 252 771 498
281 726 344 789 sqq.
375 706 411 767 ed
434 705 579 768 Didonem
608 705 803 767 transtulerit.
840 703 1004 766 Luculento
1032 706 1111 764 enim
1134 702 1269 785 exemplo
1292 712 1337 766 est

193 829 280 889 quiem
304 809 432 888 eleganti
455 816 484 868 et
506 810 567 868 aeri
589 807 700 868 iudicio
726 808 796 887 quid
819 807 957 887 pulcrum
986 814 1015 868 et
1037 825 1139 868 verum
1163 813 1242 867 esset
1263 825 1333 888 per·

191 914 328 975 senserit.
379 911 441 972 Nee
471 909 630 989 quidquam
660 917 764 970 contra
793 907 891 970 valent
923 923 999 988 quae
1027 908 1104 987 apud
1134 908 1270 970 Servium
1298 907 1334 969 ad

191 1013 346 1076 relutanda
369 1012 448 1073 illius
472 1013 596 1074 crimina
618 1012 820 1092 proteruntur.

275 1115 436 1177 ‘Audisse’
465 1132 498 1174 se
520 1112 570 1174 illa
593 1113 661 1174 ‘en
671 1111 822 1192 discipulis
844 1111 952 1173 Valerii
975 1111 1084 1174 Probi'
1108 1111 1219 1174 Gellius
1238 1101 1333 1174 ‘adtir-

177 1227 260 1298 mat,
284 1217 490 1293 ‘solitum’que
513 1215 632 1276 doctum
648 1213 799 1278 bominem
815 1214 884 1276 talia
903 1213 1053 1284 ‘dicere';
1078 1233 1134 1276 neo
1149 1213 1334 1294 inprobabile

195 1320 343 1386 estheris
365 1317 622 1398 postmeridianis,
652 1315 759 1394 quibus
781 1319 890 1378 ‘unum
913 1324 943 1377 et
964 1315 1089 1381 alterum
1112 1315 1158 1377 vel
1180 1335 1247 1378 cum
1269 1315 1334 1396 plu·

195 1424 287 1484 rimos
310 1428 371 1482 tres
394 1428 445 1482 aut
466 1401 606 1497 quattuor
629 1419 785 1480 admittere
808 1417 923 1480 solebat
945 1417 1116 1497 cubansque
1137 1420 1215 1480 inter
1230 1418 1334 1498 longos

194 1543 228 1585 ac
242 1522 385 1602 volgares
407 1540 561 1583 sermones
583 1521 684 1600 legere
713 1519 875 1600 quaedam'
899 1521 1030 1598 (Sueten.
1059 1521 1096 1582 de
1123 1539 1247 1600 gramm.
1270 1517 1333 1602 24),

194 1624 274 1686 velut
288 1627 453 1687 Annianum
476 1631 594 1704 poetam
619 1622 743 1684 ethaeo
767 1642 803 1684 ex
818 1625 1021 1703 praeceptoris
1043 1642 1096 1684 ore
1119 1625 1258 1704 excipere
1279 1642 1333 1704 po·

196 1729 286 1788 tuisse
310 1735 339 1786 et
361 1727 440 1807 quod
462 1726 540 1786 idem
564 1727 594 1786 in
616 1724 693 1786 libro
716 1726 846 1786 noctium
871 1725 906 1786 Vl
924 1723 994 1804 (Vll)
1017 1723 1117 1804 capl
1139 1732 1266 1788 testatur
1288 1727 1333 1787 ‘se

194 1828 333 1890 audiente
355 1828 486 1890 Probum
511 1828 754 1904 grammaticum’
777 1826 885 1905 legisse
914 1845 949 1888 en
973 1826 1068 1889 Plauti
1091 1825 1255 1890 Cistellaria
1285 1827 1330 1903 (cl.

193 1930 267 1993 Gell.
292 1931 305 1991 l
330 1926 437 2002 15,18
470 1929 511 1990 lll
535 1925 599 1999 1,5
632 1929 697 1990 Xlll
719 1924 781 2008 21).
827 1929 909 2001 Quae
932 1929 1151 1991 llretzscbmeri
1179 1928 1226 2011 (de
1248 1926 1333 1990 Gellii

193 2033 278 2094 lontt.
302 2052 331 2112 p.
356 2029 408 2110 91)
432 2033 602 2093 coniectura
625 2032 761 2109 sequenti
783 2033 877 2110 capite
902 2030 951 2111 (IX
976 2027 1024 2110 10)
1048 2033 1253 2101 confirmatur,
1282 2030 1334 2091 ubi

191 2134 270 2195 idem
292 2135 444 2195 Annianus
467 2133 504 2194 de
526 2132 701 2211 Vergilianis
724 2132 859 2194 versibus
880 2134 952 2193 Aen.
968 2132 1031 2192 Vlll
1046 2128 1215 2193 404-406
1229 2140 1332 2194 contra

194 2239 346 2297 Annaeum
369 2236 535 2298 Cornutum
557 2235 695 2314 disputat.
748 2234 829 2305 Ouos
856 2251 924 2295 eum
946 2232 1076 2296 Probum
1105 2242 1135 2295 et
1160 2236 1259 2314 ipsum
1281 2233 1332 2295 ad-

193 2339 340 2399 nutavisse
360 2345 474 2398 certum
498 2339 536 2398 sit
558 2339 600 2398 eis
623 2331 699 2414 quae
722 2355 809 2416 supra
833 2335 951 2416 protuli,
975 2337 1076 2397 nescio
1099 2355 1136 2397 an
1151 2336 1200 2398 hic
1215 2354 1332 2417 quoque

191 2441 317 2501 Anniani
339 2447 442 2500 auctor
465 2438 579 2501 Probus
601 2440 698 2500 luerit.

276 2541 333 2602 Sed
357 2543 460 2622 quaeri
482 2541 585 2602 saltem
608 2540 718 2609 licebit,
741 2559 813 2601 num
835 2539 914 2601 sorte
929 2541 959 2601 in
976 2542 1197 2602 commentariis
1212 2559 1332 2621 quoque

190 2643 326 2704 uthunc
349 2662 384 2703 ex
407 2645 478 2704 Aen.
502 2639 653 2704 vl11404
675 2659 739 2722 sqq.
774 2643 813 2702 ita
841 2641 924 2703 illum
958 2640 1200 2724 ex1498sqq.
1233 2643 1332 2706 locum

190 2746 333 2824 tetigerit,
358 2753 388 2807 et
408 2763 480 2806 num
503 2745 580 2805 lorte
602 2746 687 2805 initio
710 2745 815 2823 eapitis
838 2743 887 2822 (lli
909 2741 938 2827 9)
962 2744 1081 2815 Gellius,
1104 2745 1156 2806 ubi
1177 2748 1243 2826 ipse
1265 2765 1331 2808 cunr

191 2846 346 2908 'lbeocriti
369 2845 513 2925 exemplis
541 2847 657 2908 confert
684 2845 840 2908 bucolicon
862 2865 965 2908 versus
987 2846 1026 2908 lll
1048 2844 1090 2908 64
1111 2867 1153 2928 sq.
1179 2857 1209 2909 et
1229 2847 1269 2909 lX
1290 2845 1332 2910 23

189 2945 289 3019 -25,
313 2967 349 3009 ex
373 2949 485 3017 eodem,
510 2954 543 3008 ut
564 2948 648 3018 solet,
672 2949 754 3010 lente
775 2949 918 3010 hauserit.
1103 3028 1107 3034 .

275 3051 399 3111 Restant
421 3049 476 3111 alia
499 3049 607 3129 quibus
629 3057 722 3112 artem
746 3059 851 3129 poetae
866 3050 994 3112 Probum
1012 3070 1114 3112 severo
1129 3051 1240 3113 iudicio
1261 3069 1330 3132 per·

193 3159 355 3213 scrutatum
380 3171 445 3214 esse
474 3153 617 3212 evincitur
645 3152 727 3213 baec.
782 3153 889 3213 Parum
924 3154 984 3213 veri
1016 3153 1121 3214 similia
1151 3141 1332 3233 (ἀπίθανον

190 3249 337 3334 πλάσμα)
362 3273 428 3334 esse
450 3253 589 3314 iudicavit
612 3271 687 3332 quae
709 3257 781 3316 Aen.
804 3251 1014 3333 X1554sqq.
1038 3255 1076 3315 de
1098 3255 1217 3316 Camilla
1241 3274 1331 3336 super

192 3355 312 3417 lluvium
336 3355 405 3416 olim
429 3375 444 3416 a
466 3363 551 3435 patre
574 3355 685 3417 vibrata
707 3363 866 3418 narrentur
882 3353 994 3437 (Seru).
1025 3356 1086 3418 Nec
1100 3355 1173 3418 illud
1195 3359 1331 3420 criticum

191 3457 306 3536 fugisse
328 3459 498 3548 putaverim.
521 3458 600 3537 quod
628 3476 717 3537 supra
746 3460 910 3537 tetigimus
945 3477 1003 3518 non
1036 3461 1108 3520 satis
1141 3457 1331 3539 explicavisse

191 3558 352 3637 Vergilium
374 3561 447 3622 Aen.
470 3556 593 3620 111367
616 3577 692 3638 sqq..
717 3559 787 3638 qnid
810 3559 867 3621 sibi
889 3560 997 3624 vellent
1018 3563 1193 3641 ‘praemissi
1215 3563 1330 3640 equites

192 3639 319 3722 ex⁸urbe
337 3661 468 3730 Latiua’,
493 3678 567 3738 qnos
581 3680 637 3723 neo
649 3664 754 3724 missos
771 3682 787 3724 e
802 3663 904 3724 Turno
915 3681 971 3724 neo
982 3682 1041 3743 quo
1057 3663 1180 3724 consilio
1191 3663 1237 3725 vel
1249 3664 1328 3748 unde

190 3762 236 3823 vel
261 3781 320 3841 quo
343 3764 426 3824 missi
447 3763 506 3823 sint
528 3782 668 3844 umquam
691 3762 806 3843 legitur.
852 3765 925 3826 Nam
949 3765 1027 3842 quod
1042 3765 1134 3827 schol.
1150 3763 1330 3828 Veronensis
1443 3796 1448 3808 ·

189 3883 218 3944 p.
245 3861 315 3935 101,
339 3862 359 3926 3
381 3865 417 3926 ll.
452 3864 526 3926 ‘hoe
554 3863 619 3926 loeo
653 3865 811 3928 adnotant'
845 3868 941 3947 inquit
968 3866 1103 3929 ‘Probus
1130 3875 1159 3928 et
1181 3867 1330 3946 Sulpicius

190 3968 373 4056 contrarium
394 3965 438 4028 illi
461 3985 541 4028 esse:
566 3969 677 4047 saepsit
699 3959 734 4029 se
755 3970 840 4056 tectis
862 3986 1023 4047 rerumque
1037 3969 1157 4049 reliquit
1179 3969 1328 4032 habenas'

189 4065 250 4148 (Vll
271 4064 393 4148 600)*),
417 4076 647 4131 consentaneum
672 4077 716 4131 est
730 4070 860 4131 Probum
881 4071 960 4132 idem
982 4074 1014 4132 in
1036 4090 1091 4133 suo
1113 4071 1190 4134 libro
1210 4071 1327 4151 legisse,

191 4169 270 4250 qnod
293 4172 323 4231 in
352 4170 490 4232 omnibus
517 4171 602 4234 bonis
630 4172 687 4233 dici
717 4180 818 4234 extare
842 4173 961 4234 Servius
984 4174 1159 4236 Parisiensis
1185 4181 1327 4237 testatur:

256 4407 282 4473 *l
302 4411 381 4474 Quae
400 4409 572 4464 antecedunt
598 4408 670 4464 ‘allo
688 4410 750 4465 loeo
768 4410 890 4466 ostendit
914 4411 977 4466 illos
997 4429 1013 4466 e
1030 4411 1122 4466 'I'urno
1147 4413 1259 4466 missoa'
1287 4412 1328 4464 sie

189 4495 344 4562 supplenda
362 4501 437 4548 eunt:
457 4501 539 4548 ‘nullo
559 4499 614 4548 alio
632 4496 709 4548 loco’
729 4513 752 4547 e.
766 4514 790 4564 q.
805 4514 826 4551 s.
