3276 5050
307 379 369 444 150
752 388 995 442 33333333333.

304 569 438 632 Valerius
461 569 577 630 Probus
600 570 630 628 in
653 567 781 646 Vergilio
804 568 927 629 Horu'tio
950 568 1089 630 Lucretio
1118 589 1134 630 a
1157 588 1189 630 se
1212 569 1377 631 emendatis
1399 570 1449 632 ad·
1624 635 1625 644 χ

302 674 411 752 posuit.
458 671 590 744 Quarum
613 669 741 745 indicem
764 672 795 730 in
819 669 883 731 cod.
900 672 1035 733 Parisino
1051 673 1205 732 inventum
1221 691 1238 733 3
1253 671 1309 734 Th.
1326 672 1473 762 Momm!

304 793 377 836 seno
400 773 573 850 editumque
595 775 726 852 primum
749 791 764 833 3
782 767 909 851 Bcrgkio
927 775 1014 852 eique
1032 775 1138 853 partim
1155 773 1345 842 simillimum,
1362 793 1450 854 quem
1624 783 1625 786 ’

303 877 436 938 Isidorus
459 877 553 954 orIgg.
569 872 646 936 *120
669 875 810 944 exhibuit,
835 884 1010 954 excerptum
1026 895 1062 936 ex
1078 876 1212 937 Suetonii
1227 875 1264 935 de
1279 878 1358 936 uotis
1374 875 1451 936 libro

305 979 404 1056 aliquo
416 978 687 1058 primus'Berglrius
699 979 730 1037 in
743 977 837 1038 diario
850 977 999 1058 littautiq.
1011 973 1093 1039 1845
1105 997 1133 1057 p.
1144 975 1203 1040 113
1216 979 1352 1049 coniecit,
1363 997 1450 1058 quem

303 1083 343 1142 ita
365 1087 485 1142 secutus
509 1086 554 1140 est
568 1077 839 1148 Reifferscheidius,
863 1087 895 1140 ut
916 1081 995 1141 inter
1019 1080 1145 1141 extremi
1168 1078 1204 1140 de
1226 1081 1297 1141 viris
1319 1079 1452 1141 inlustri·

303 1183 360 1243 hus
382 1182 451 1243 libri
473 1181 622 1259 reliquias
638 1181 726 1241 simul
757 1199 825 1242 oum
848 1181 912 1242 aliis
934 1181 970 1242 ab
994 1182 1060 1260 ipso
1082 1181 1229 1258 indagatis
1252 1183 1401 1261 reciperet
1422 1183 1451 1242 in

305 1285 479 1345 Suetonium
503 1302 590 1344 suum
612 1303 641 1362 p.
661 1280 720 1344 137
737 1300 802 1362 sqq.
828 1281 903 1362 (coll.
920 1302 949 1362 p.
965 1279 1029 1344 419
1046 1281 1131 1363 sqq).
1170 1283 1249 1361 Ergo
1271 1285 1452 1362 peritissimo

304 1388 415 1448 utimur
437 1392 568 1454 auctore,
593 1370 741 1474 quemssah
764 1386 829 1464 ipso
844 1384 942 1446 Probo
965 1384 1119 1451 adnotatos
1140 1384 1234 1446 libros
1257 1386 1288 1444 in
1311 1404 1401 1446 manu
1424 1394 1451 1445 ct

305 1497 373 1550 autc
394 1487 496 1548 oeulos
518 1486 658 1548 habuisse
680 1493 796 1548 certum
820 1493 874 1548 est.
919 1488 941 1547 Α
966 1505 1024 1566 quo
1049 1505 1134 1548 usum
1159 1487 1300 1548 discimus
1316 1489 1453 1548 criticum

306 1590 372 1651 XXI
395 1591 472 1651 notis
495 1589 591 1650 hisce:

348 1691 499 1752 -obelo

248 1781 254 1790 ⁸
351 1793 395 1876 ·)'<
424 1794 568 1856 asterisco

353 1895 397 1980 Χ·
421 1897 631 1956 -asterisco
654 1914 722 1956 cum
745 1895 832 1956 obelo

352 2005 387 2055 δ
413 1997 541 2076 simplici
563 1998 654 2059 ductu

352 2099 492 2180 >diple

149 2251 150 2262 ,
251 2215 258 2239 t
353 2208 388 2278 1}
414 2202 494 2282 diple
515 2203 748 2284 periestigmcne

352 2307 588 2384 Dentisigmate

351 2403 378 2497 (j
405 2409 592 2486 antisigmate
616 2425 684 2466 cum
705 2412 818 2486 puncto

352 2508 371 2608 [
402 2509 544 2570 coronide
758 2509 765 2518 '

354 2619 389 2682 >
414 2645 457 2654 -
480 2610 559 2690 diple
582 2609 764 2692 obelismene

326 2758 328 2762 s
354 2719 393 2782 4
415 2731 518 2774 333353
541 2710 724 2773 obolismcne

352 2811 395 2896 >K
417 2817 558 2876 ceraunio
769 2803 774 2814 ⁴

351 2938 393 2960 ὲ
416 2915 503 2978 obelo
525 2915 673 2997 adpuncto

352 3027 439 3091 -<
465 3017 552 3081 obelo
576 3037 643 3081 cum
667 3037 769 3081 aversa

352 3119 395 3198 Ξ
417 3121 496 3202 diple
519 3137 648 3202 superne
671 3121 787 3182 obelata

352 3223 447 3306 §Z
468 3232 551 3285 recta
573 3230 603 3284 et
625 3242 727 3285 aversa
749 3243 886 3304 superne
903 3223 1029 3285 obeletis

354 3315 575 3393 &mmm

352 3429 521 3518 &dmm

353 3533 508 3622 Ῑ333333
530 3530 687 3610 superiore
750 3601 756 3613 '

359 3638 366 3701 l
396 3652 506 3696 ancora
527 3631 685 3704 inferiore!

353 3713 485 3818 [calogo

397 3857 510 3920 133313
534 3856 757 3924 commentario,
782 3873 841 3934 quo
865 3853 1050 3934 explicantur
1073 3853 1129 3932 hae
1152 3861 1255 3922 nolae,
1278 3855 1397 3915 unicum
1422 3872 1457 3914 ex

312 3959 444 4023 Aeneide
467 3958 492 4019 X
514 3953 555 4018 88
584 3955 753 4036 exemplum
783 3956 948 4036 adpositum
979 3965 1024 4018 est
1058 3974 1096 4017 33
1123 3955 1161 4016 ab
1193 3955 1308 4017 lsidoro
1337 3955 1458 4032 quidem

311 4062 566 4143 praetermissum,
591 4059 642 4120 uhi
663 4061 696 4120 in
719 4078 779 4128 333,
804 4058 833 4118 lu.
857 4078 882 4119 e.
906 4060 937 4118 in
960 4054 1129 4136 margine*)
1153 4074 1262 4118 aversa
1285 4060 1459 4119 obelismcnc

316 4171 355 4236 4
376 4164 456 4243 picta
483 4163 553 4231 luit,
584 4179 641 4241 qua
670 4163 797 4241 ‘respici
826 4160 862 4221 ad
890 4159 1020 4239 aliquid'
1049 4159 1275 4238 significaretur.
1325 4159 1458 4238 Respicit

313 4272 414 4328 autem
435 4264 509 4325 luno
532 4263 569 4324 ad
592 4263 740 4342 querellas
756 4263 878 4323 Veneris
900 4279 944 4321 vv.
968 4257 1095 4322 25-29
1118 4268 1147 4320 ct
1168 4256 1295 4322 55-62
1316 4259 1456 4341 prolatas.

381 4466 410 4539 ¹⁸)
430 4471 459 4521 in
478 4485 524 4520 ore
542 4469 633 4522 anecd.
652 4467 740 4518 Paris,
