3276 5050
301 374 364 438 104
747 397 988 442 raonaoousuo.

299 584 367 626 nem
391 565 446 625 ‘de
468 565 612 644 petitione
634 566 757 627 Veneris
773 567 947 646 'inpudica',
972 587 1059 647 quarn
1082 567 1179 649 lepide
1203 570 1356 651 multoque
1379 591 1440 634 me·

298 667 355 728 lius
383 685 471 747 quam
501 685 516 726 a
545 667 659 748 Donato
686 670 798 730 lactum
827 677 890 731 erat
918 670 1037 732 Servius
1065 673 1125 732 siva
1154 675 1219 752 quis
1248 682 1350 735 auctor
1379 677 1442 737 eius

299 770 355 830 luit
377 769 463 830 solvit
484 768 520 829 ad
536 774 607 830 Aen.
631 768 788 833 11111313.
834 772 870 832 Et
893 772 997 833 eodem
1022 793 1057 834 ex
1080 792 1191 852 genere
1214 775 1270 836 alia
1294 783 1363 836 sunt
1385 778 1441 838 ‘in-

298 875 445 952 congrua'
468 874 499 932 in
513 871 653 942 Aeneide,
677 892 753 953 qnae
776 873 936 935 offendisse
952 875 1135 936 cavillatores
1157 877 1324 957 quibusque
1347 879 1443 938 modis

299 994 314 1034 a
337 973 433 1054 lyticis
462 982 639 1036 excusentur
666 975 746 1036 idern
769 967 935 1037 memorat:
970 977 1083 1038 scilicet
1115 979 1194 1058 quod
1217 979 1307 1040 Aeolo
1336 982 1442 1041 marito

297 1077 372 1138 luno
394 1078 541 1156 promittit
563 1077 722 1156 nympham
737 1079 809 1139 Aen.
834 1064 918 1149 111,
943 1079 1020 1159 quod
1045 1079 1181 1140 Latinum
1204 1089 1290 1161 poeta
1314 1083 1364 1144 Vll
1380 1080 1443 1146 268

298 1179 415 1241 induxit
436 1179 516 1240 ultro
538 1179 628 1240 filiam
651 1183 768 1240 Aeneae
791 1179 992 1260 pollicentem.
1076 1163 1084 1170 ’

384 1281 474 1342 Multo
497 1288 595 1342 autern
619 1283 785 1360 copiosiora
808 1301 842 1343 ea
865 1290 942 1352 sunt,
967 1286 1095 1360 quaein
1120 1287 1199 1344 tertii
1215 1285 1283 1347 libri
1300 1287 1444 1366 capitibus

302 1380 426 1444 10-12
448 1383 526 1444 idem
549 1383 719 1462 Euangelus
746 1383 891 1465 disputat,
921 1391 953 1445 ut
981 1385 1119 1463 ‘detegat
1146 1388 1319 1448 inscientiae
1342 1390 1444 1467 Vergi-

300 1484 396 1546 lianae
431 1485 588 1556 vulnera',
624 1484 775 1565 multaque
806 1487 893 1546 etiam
928 1489 1053 1566 periisse
1084 1487 1155 1548 olim
1183 1489 1365 1551 intellectum
1390 1497 1442 1550 est.

301 1587 374 1648 Nam
406 1587 588 1648 tantumde
625 1587 769 1666 pontificii
801 1589 874 1648 iuris
903 1593 1063 1669 rerumque
1093 1608 1243 1651 sacrarum
1278 1593 1446 1669 ignorantia

302 1689 437 1769 exempla
471 1689 616 1768 quaedam
650 1689 842 1758 exhibentur,
877 1709 953 1770 quae
983 1692 1098 1769 singula
1132 1693 1242 1754 refutat
1275 1693 1446 1755 ‘sacrorum

302 1793 434 1853 omnium
458 1790 612 1871 praesul',
643 1797 676 1851 ut
697 1791 711 1851 l
734 1789 782 1860 17,
808 1791 824 1851 1
847 1793 1046 1872 praedicatur,
1071 1794 1185 1856 Vettius
1207 1796 1335 1874 Agorius
1356 1797 1445 1857 Prae·

302 1900 441 1963 textatus,
466 1893 502 1952 de
526 1912 583 1972 quo
606 1894 643 1954 cl.
668 1893 692 1954 0
715 1893 835 1956 Iahnius
857 1893 904 1974 (de
926 1894 1209 1975 subscriptionibus
1240 1899 1271 1956 in
1294 1904 1361 1958 actt.
1385 1917 1445 1958 soc.

303 1996 383 2075 Lips.
410 1991 490 2057 1851
513 2014 544 2073 p.
567 1992 740 2088 338'sqqt
841 2033 846 2042 ·

388 2096 446 2158 Sed
470 2096 526 2157 hae
549 2099 738 2174 quaestiones
767 2118 836 2160 curn
863 2101 895 2160 in
918 2100 1067 2160 Servianis
1096 2118 1216 2181 quoque
1245 2101 1365 2162 scholiis
1389 2101 1447 2161 sol-

303 2207 421 2268 vantur,
452 2217 511 2259 non
534 2198 723 2280 inprobabile
745 2201 862 2262 videtur
891 2221 926 2261 ex
954 2203 1047 2281 ipsius
1062 2203 1164 2264 blauri
1187 2203 1282 2264 Servii
1304 2193 1449 2264 Honorati

304 2303 533 2372 commentario,
568 2321 656 2382 quern
684 2294 833 2380 integrum
863 2301 984 2382 legerit,
1019 2323 1070 2364 sua
1094 2303 1275 2365 Macrobium
1307 2304 1352 2364 his
1375 2304 1449 2364 locis

303 2405 539 2484 transcripsisse.
594 2405 692 2482 Fingit
725 2407 755 2465 in
791 2403 1013 2476 Saturnalibus,
1049 2423 1115 2465 cum
1150 2405 1280 2466 Platonis
1313 2405 1449 2486 exemplo

305 2526 398 2568 annos
420 2507 681 2566 sermocinantium
697 2509 727 2567 in
744 2507 853 2585 digitos
868 2508 944 2567 mitti
961 2507 1043 2578 nolit,
1068 2507 1287 2568 adulescentem
1303 2509 1448 2579 Servium,

305 2611 458 2670 doctorem
480 2601 587 2670 recens
609 2609 777 2689 professum
803 2604 947 2686 (1215),
972 2609 1024 2669 sed
1048 2609 1169 2668 ‘cotidie
1185 2609 1335 2670 Romanae
1357 2610 1450 2671 indoli

306 2710 492 2774 enarrando’
521 2710 683 2790 Vergilium
712 2711 759 2788 (Vl
782 2708 811 2790 6)
842 2711 947 2770 eximia
979 2711 1050 2770 vatis
1079 2710 1276 2772 familiaritate
1304 2712 1450 2772 imbutum

307 2822 335 2876 et
358 2815 472 2894 priscos
501 2814 588 2873 etiam
616 2819 827 2893 praeceptores
856 2813 991 2874 doctrina
1020 2822 1212 2892 superantem
1236 2810 1332 2892 (124,
1356 2813 1402 2894 8),
1435 2832 1451 2873 a
1479 2828 1483 2836 ·

307 2936 364 2997 quo
394 2916 522 2993 exigitur
553 2923 584 2976 ut
612 2915 753 2994 quicquid
783 2916 812 2974 in
836 2914 965 2993 Vergilio
994 2914 1156 2976 obscurum
1192 2915 1338 2976 videbitur
1367 2917 1452 2995 quasi

306 3020 505 3080 litteratorum
539 3018 670 3077 omnium
704 3016 792 3096 longe
827 3017 973 3077 maximus
995 3015 1102 3096 fpalam
1136 3019 1223 3078 saciat
1255 3016 1277 3094 (l
1305 3013 1364 3086 24,
1387 3012 1450 3095 20).

307 3123 411 3200 ltaque
440 3121 540 3197 magni
567 3119 676 3180 secisse
705 3118 888 3180 Macrobium
918 3119 1013 3179 Servii
1041 3121 1119 3180 inter
1148 3116 1331 3197 Vergilianos
1359 3120 1474 3194 inter--

308 3231 409 3304 pretes
431 3223 636 3282 auctoritatem
660 3229 783 3283 constat.
833 3223 920 3300 Atqui
943 3219 987 3278 vol
1010 3222 1039 3280 in
1063 3227 1165 3282 nostra
1188 3220 1369 3281 scholiorum
1393 3221 1451 3280 lar·

309 3326 430 3404 ragina,
456 3341 532 3401 quae
554 3329 688 3384 veterum
712 3324 992 3383 commentariorum
1015 3321 1139 3382 frustula
1163 3329 1192 3381 et
1214 3321 1336 3382 lacinias
1358 3322 1452 3382 conti-

309 3433 375 3494 net,
411 3443 479 3485 cum
506 3427 538 3486 in
567 3423 716 3484 solvendis
745 3423 971 3503 qpaestionibus
1002 3423 1091 3483 multa
1121 3431 1277 3484 versentur
1312 3423 1453 3484 tumbae

309 3529 496 3608 potissimum
529 3529 568 3586 ita
597 3526 737 3594 redeunt,
774 3533 805 3587 ut
835 3527 943 3604 partim
970 3524 1112 3602 Euangeli
1139 3525 1247 3603 partim
1275 3525 1455 3586 Praetextati

210 3668 214 3682 ·
310 3635 485 3708 argumenta
507 3630 538 3688 in
561 3628 680 3688 brevius
702 3627 821 3710 quidem
837 3633 987 3687 contracta
1003 3633 1210 3704 agnoscantur,
1235 3634 1337 3687 contra
1354 3627 1453 3688 addita

311 3731 366 3792 alia
388 3729 540 3808 legantur,
569 3747 646 3809 quae
668 3729 836 3790 Macrobius
859 3728 905 3789 vel
928 3729 1063 3788 omiserit
1085 3728 1130 3788 vel
1152 3748 1212 3789 non
1235 3728 1356 3807 legerit,
1386 3747 1454 3788 cum

311 3831 430 3893 aliunde
453 3831 488 3891 ad
512 3838 612 3892 nostra
635 3829 746 3891 scholia
769 3829 950 3908 adglutinata
973 3849 1039 3890 esse
1062 3831 1186 3909 possint.

395 3933 436 3994 Ac
458 3935 588 4012 primum
612 3932 690 4011 qnod
711 3939 813 3994 taurus
835 3933 895 3994 lori
916 3938 1061 3992 mactatur
1077 3933 1148 3992 Aen.
1166 3927 1271 4006 11121,
1296 3931 1457 4010 respondet

311 4036 524 4106 Praetextatus,
550 4035 694 4095 committi
716 4052 779 4095 rem
804 4033 960 4104 insolitam,
984 4040 1017 4094 ut
1031 4033 1114 4095 locus
1136 4033 1187 4094 fiat
1209 4040 1342 4094 monstro
1364 4051 1390 4094 v.
1414 4029 1456 4092 26

313 4143 468 4200 secuturo:
504 4137 608 4198 eadem
630 4138 775 4198 sententia
799 4137 894 4197 Servii
926 4138 1049 4198 ‘contra
1076 4137 1223 4196 rationem
1251 4135 1311 4213 lovi
1339 4141 1457 4196 taurum
1533 4157 1534 4162 ¹

314 4241 474 4308 sacrificat:
491 4239 566 4301 adeo
581 4245 613 4300 ut
627 4238 697 4299 hinc
712 4245 833 4318 putetur
848 4237 1040 4300 subsecutum
1057 4223 1326 4318 esse'prodtgtum’
1343 4256 1368 4296 a,
1386 4253 1414 4314 q.
1432 4255 1456 4297 s.

314 4341 420 4422 Culpat
442 4341 519 4421 apud
543 4339 724 4402 llacrobium
747 4339 798 4401 ille
819 4342 850 4401 in
873 4358 899 4401 c.
925 4335 967 4412 12Ι
987 4339 1064 4419 quod
1089 4341 1160 4400 Aen.
1184 4337 1249 4399 l'lll
1271 4333 1334 4400 285
1357 4339 1457 4416 Vergi-

314 4443 372 4506 lius
388 4441 483 4505 Salios
499 4442 622 4504 Herculi
644 4442 734 4514 dedit,
758 4461 834 4522 quos
850 4447 963 4504 tantum
979 4442 1066 4503 Marti
1088 4441 1269 4502 dedicaverit
1283 4440 1455 4522 antiquitas:
