3212 5042
316 419 357 482 14
503 489 507 505 s
763 441 1010 484 eaouuoousan.

315 611 472 674 adsecutus
501 627 588 689 quam
620 617 703 671 certo
730 613 901 672 testimonio
929 610 1079 691 accepisse
1112 607 1242 670 calculos
1269 627 1340 670 suos
1360 607 1463 672 ¹videri

314 715 421 794 possit:
451 729 628 792 quamquam
652 714 728 773 mire
757 714 893 790 contigit,
922 719 955 774 ut
981 714 1046 792 ipse
1069 711 1292 791 Guelferbytani
1322 710 1464 772 librarius

316 835 384 879 eum
414 833 571 880 numerum
600 815 652 876 llll
679 815 788 894 legisse
817 815 965 885 videatur,
1008 832 1097 892 quem
1124 817 1151 876 si
1180 833 1237 894 pro
1268 813 1347 875 binis
1370 813 1463 874 addas

316 921 451 998 quinario
474 937 617 989 numero,
650 915 728 979 ultro
756 919 912 997 pervenias
940 916 977 978 ad
1004 936 1085 978 anno
1106 901 1204 980 minas
1223 919 1345 993 nemina
1365 919 1464 978 tustra
1520 977 1522 988 ,

315 1021 441 1083 Phocae.
492 1021 593 1100 ltaque
616 1019 815 1100 probabilius,
847 1002 878 1080 ui
907 1018 1003 1088 lallor,
1034 1025 1208 1099 corruptum
1230 1020 1323 1080 luisse
1346 1017 1463 1080 scribae
1505 1072 1514 1086 ,

315 1143 402 1185 manu
425 1124 494 1184 arite
517 1121 669 1184 saeculum
691 1123 717 1184 X
739 1124 770 1183 in
792 1121 870 1183 libro
893 1121 992 1200 aliquo
1015 1141 1076 1183 nou
1102 1123 1312 1191 Suetouiauae,
1337 1121 1389 1182 sud
1413 1138 1463 1180 ex·

316 1233 436 1305 carptae
459 1243 475 1285 a
498 1225 612 1285 Donato
634 1226 711 1285 vitae
738 1243 895 1286 numerum
925 1242 1013 1302 quam
1041 1223 1115 1285 falsa
1148 1225 1269 1285 finxisse
1291 1223 1462 1302 grammati-

316 1345 402 1397 cum·
417 1329 468 1407 qui
490 1326 614 1403 meliore
637 1327 700 1387 sius
723 1326 885 1407 exemplari
908 1344 995 1405 quam
1010 1345 1065 1387 nos
1080 1331 1312 1406 nostrorumque
1328 1324 1464 1386 codicum

318 1428 432 1513 librarii
454 1430 586 1508 potuerit
609 1446 680 1490 usus
703 1447 778 1490 esse.

405 1565 529 1650 Quando
558 1574 657 1628 autem
685 1565 799 1626 linitum
827 1566 918 1626 luerit
944 1583 1050 1646 poema
1084 1566 1140 1627 alio
1168 1564 1326 1644 biographi
1352 1584 1382 1644 p.
1412 1561 1464 1642 61,

319 1667 335 1728 1
359 1686 422 1748 sqq.
448 1669 617 1729 testimonio
640 1675 764 1729 constat.
796 1669 928 1728 Reverso
944 1669 1023 1728 euim
1043 1675 1114 1744 post
1128 1669 1285 1729 Actiacam
1306 1670 1466 1728 uictoriam

318 1769 437 1832 Caesari
460 1778 551 1846 atque
573 1772 690 1830 Atellae
716 1772 951 1843 reficiendarum
976 1769 1117 1844 saucium
1144 1787 1240 1834 caasa
1267 1772 1469 1831 commoranti

313 1889 373 1949 per
394 1877 568 1934 continuum
592 1873 786 1949 quatriduum
807 1875 952 1933 recitasse
972 1876 1120 1948 peorqica
1135 1872 1243 1933 dieitur
1265 1873 1468 1948 ‘suscipiente
1509 1948 1514 1960 Ι

318 1975 498 2035 Maecenate
521 1979 642 2050 repente·
663 1978 756 2036 uicem
779 1978 916 2051 quotiens
938 1977 1185 2051 interpellaretur
1198 1978 1262 2051 ipse
1275 1978 1357 2036 uocis
1371 1977 1466 2052 offen·

318 2080 428 2138 sione.'
466 2078 551 2149 Quod
575 2096 612 2138 ne
635 2059 792 2139 credamus
815 2095 875 2140 uon
898 2076 983 2136 video
1007 2075 1145 2154 equidem
1168 2077 1237 2156 quid
1262 2085 1348 2138 vetet.
1380 2077 1468 2138 Certe

319 2179 439 2240 rediens
462 2198 499 2240 ex
521 2181 588 2242 ,isia
611 2181 680 2240 anui
703 2176 766 2241 725
789 2187 901 2241 aestate
924 2181 1087 2259 imperator
1099 2179 1346 2256 Brundisiumque
1369 2187 1467 2239 traus-

319 2289 421 2342 vectus
444 2281 555 2362 quidni,
585 2283 758 2362 priusquam
788 2301 892 2343 mense
916 2279 1020 2342 Sextili
1047 2281 1172 2342 Romam
1200 2280 1387 2361 triumphans
1421 2282 1467 2340 iu-

319 2391 424 2454 traret,
448 2390 517 2464 post
539 2383 688 2446 bellorum
710 2375 909 2464 itinerumque
931 2382 1049 2444 labores
1077 2385 1267 2462 gravissimos
1294 2382 1384 2444 breve
1412 2401 1468 2462 per

319 2495 436 2565 tempus
459 2487 489 2546 in
505 2485 682 2565 Campaniae
706 2505 758 2547 ora
781 2467 892 2565 corpus
915 2503 1024 2546 curans
1047 2485 1140 2546 musis
1155 2485 1318 2547 vacaverit?
1341 2487 1466 2545 Auctor·

320 2605 378 2666 que
403 2577 563 2648 Suetonius
587 2595 632 2649 est
661 2595 689 2648 et
717 2589 819 2649 lauces
848 2589 911 2648 eius
934 2606 1159 2668 nonnumquam
1182 2591 1353 2662 infirmatus
1375 2587 1469 2647 luisse

320 2689 405 2770 (Aug.
429 2687 480 2766 84)
504 2697 533 2749 et
554 2691 715 2751 recitantes
737 2691 869 2751 carmina
891 2690 1030 2752 historias
1060 2693 1209 2751 orationes
1237 2689 1368 2768 dialogos
1396 2707 1468 2749 eun-

320 2792 388 2852 dem
411 2791 540 2869 benigne
564 2799 592 2852 et
614 2795 762 2871 patienter
785 2791 914 2853 audiisse
937 2789 1009 2873 (89).
1049 2794 1148 2868 'Atqui
1169 2794 1261 2871 ipsius
1283 2793 1366 2854 iussu
1388 2791 1467 2852 Mae·

321 2895 450 2963 senatis,
482 2895 530 2954 oui
554 2901 584 2954 et
605 2893 688 2954 urbis
711 2902 740 2954 et
762 2893 863 2955 ltaliae
886 2893 980 2964 salus,
1011 2893 1130 2973 publice
1152 2895 1221 2955 iude
1245 2893 1281 2954 ab
1305 2912 1382 2954 anno
1406 2889 1469 2954 723

321 2995 512 3066 demandata,
548 2995 608 3056 iam
637 3003 723 3058 antea
755 3015 889 3058 summae
919 3015 1008 3058 ornae
1032 2998 1143 3066 luerat,
1182 2995 1325 3076 Vergilius
1349 3015 1471 3075 compo-

321 3104 421 3159 suerat
449 3099 598 3178 georgica
636 3085 822 3160 ut'vastatos
845 3098 931 3159 bellis
955 3097 1089 3159 civilibus
1113 3115 1199 3176 agros
1234 3097 1332 3159 colere
1364 3099 1469 3176 reique

321 3201 450 3261 rusticae
472 3202 629 3280 inpensius
652 3220 773 3282 operam
799 3201 870 3262 dare
899 3202 1094 3261 incitarentur
1128 3199 1264 3261 homiues
1286 3199 1364 3261 ltali:
1400 3200 1470 3280 quid

320 3303 412 3382 igitur
434 3305 528 3381 magis
551 3310 784 3364 consentaneum
811 3321 900 3383 quam
929 3303 1113 3382 prinoipem,
1143 3303 1193 3380 qui
1223 3311 1327 3382 pacato
1350 3302 1469 3363 tandem

311 3403 396 3466 'orbe
420 3412 568 3466 terrarum
591 3405 655 3466 Iani
684 3405 827 3485 templum
851 3405 1006 3466 clausurus
1028 3406 1167 3484 pacisque
1190 3403 1267 3466 bona
1288 3403 1399 3486 populo
1421 3423 1469 3464 re-

322 3509 484 3568 stituturus
508 3515 580 3577 erat,
604 3506 757 3568 familiaris
780 3515 885 3586 poetae
908 3508 1039 3568 carmina
1062 3513 1091 3567 et
1113 3505 1281 3568 dulcissima
1305 3515 1335 3568 et
1356 3509 1470 3586 patriae

322 3609 478 3670 utilissima
502 3609 702 3688 cognoscendi
725 3607 867 3689 cupidum
889 3610 1000 3685 luisse?

408 3745 509 3824 ltaque
532 3745 670 3807 incohata
693 3763 759 3807 esse
781 3747 920 3824 georgica
943 3764 999 3807 neo
1029 3753 1098 3826 post
1120 3747 1250 3808 medium
1274 3765 1384 3808 anuum
1408 3743 1469 3810 717

323 3867 379 3909 uec
410 3856 478 3909 aute
513 3854 680 3909 extremum
708 3845 770 3910 715
800 3847 845 3908 vel
873 3849 1026 3910 ineuntem
1055 3845 1117 3911 716
1145 3848 1357 3912 concludimus.
1407 3849 1469 3910 lam

323 3969 395 4012 veru
418 3948 589 4020 videndum,
613 3969 684 4011 uum
708 3968 783 4029 quae
805 3953 837 4010 iu
865 3952 938 4030 ipsis
960 3954 1061 4012 insunt
1083 3959 1251 4031 temporum
1272 3951 1380 4013 iudicia
1403 3969 1469 4012 cum

324 4051 370 4112 lris
392 4051 556 4114 rationibus
579 4054 650 4115 satis
674 4053 857 4114 conveniant.

408 4191 504 4266 Atque
528 4193 631 4267 primo
661 4208 696 4250 ex
723 4192 801 4251 libro
830 4197 949 4268 praeter
973 4189 1108 4250 Caesaris
1137 4189 1258 4252 caedem
1287 4209 1312 4252 r.
1335 4187 1399 4252 466
1423 4207 1468 4269 sq.

325 4300 586 4353 commemoratam
616 4291 787 4368 bellumque
810 4290 1017 4371 Philippense,
1042 4293 1127 4352 ouius
1153 4311 1179 4352 v.
1203 4289 1267 4354 489
1289 4295 1400 4354 mentio
1428 4295 1469 4361 nt,

325 4393 400 4454 duos
423 4393 549 4454 maxime
573 4402 767 4454 enataverunt
789 4393 872 4454 locos
900 4413 925 4455 v.
950 4390 1077 4455 24-42
1100 4401 1129 4454 et
1150 4391 1213 4455 509
1241 4413 1283 4474 sq.
1336 4395 1469 4467 Quorum

325 4498 456 4576 priorem
480 4503 562 4558 recte
586 4495 700 4557 videtur
722 4496 885 4558 Franokius
908 4498 973 4558 last.
998 4497 1068 4557 llor.
1092 4516 1121 4577 p.
1142 4494 1185 4558 23
1209 4496 1249 4578 ad
1275 4516 1384 4558 aunum
1409 4495 1471 4559 718
