3172 5038
497 385 502 396 ’
573 418 816 462 reonncousns.
1204 393 1266 458 355

123 591 267 668 FMPylrc
290 606 356 648 cunr
381 587 483 646 Servio
507 594 536 646 et
558 587 767 663 grammaticis,
791 601 849 646 non
872 586 960 646 modo
982 585 1020 652 R,
1045 585 1191 644 sententia
1216 601 1267 643 au·

122 701 182 754 tem
206 692 324 769 flagitat.
349 689 426 768 qnod
450 690 480 747 in
503 691 614 748 Veneto
637 686 739 747 codice
762 686 871 764 legitur
892 688 999 746 modo
1021 703 1131 746 nunc.
1178 686 1267 744 lictae

122 802 219 855 autern
244 802 272 853 et
293 810 348 854 nec
371 799 401 850 et
422 808 483 851 non
506 788 692 867 corruptelae
715 775 891 867 compendio
914 790 975 854 n‘c.
1049 788 1121 848 Aen.
1145 785 1183 846 Xl
1205 782 1268 846 418

122 895 315 955 memordit
336 899 369 953 ut
391 893 433 951 ΡΙ
456 889 625 967 (momordit
649 888 834 967 MPtprc).

208 1047 329 1106 Praeter
358 1043 522 1104 Mediceum
551 1043 683 1103 codicem
714 1051 742 1102 ct
771 1061 860 1120 quem
888 1044 1038 1120 proximas
1069 1041 1138 1102 huic
1165 1051 1268 1101 tenere

124 1148 195 1207 dicit
216 1147 385 1207 Gudianum
406 1145 586 1206 Nicotaus
608 1146 787 1205 Heinsius
809 1145 863 1204 tria
888 1145 1014 1204 maxime
1037 1143 1216 1222 exemplaria
1240 1145 1268 1202 in

128 1247 354 1325 antiquioribus,
380 1255 411 1306 ut
434 1250 481 1314 ait,
512 1245 822 1326 habendausurpavit
845 1264 919 1326 quac
943 1245 1088 1305 lobannes
1112 1227 1270 1304 Mentclius

125 1350 257 1410 medicus
280 1349 431 1409 Parisinus
455 1348 710 1428 suppeditaverat,
740 1350 810 1408 item
834 1351 904 1415 tria,
936 1349 989 1406 etsi
1020 1348 1117 1406 minus
1147 1354 1267 1414 vetusta,

124 1451 362 1510 commodaverat
394 1448 437 1508 illi
471 1449 642 1510 bernardus
677 1450 949 1525 Bottendorpltios,
986 1447 1107 1508 totidem
1140 1447 1269 1524 denique

125 1554 283 1628 Leidensic
302 1552 347 1612 lo.
372 1551 551 1612 Fredericus
574 1551 749 1611 Gronovius.
799 1551 958 1612 Praeterea
982 1568 1053 1610 usus
1076 1557 1121 1610 est
1144 1547 1268 1616 dnobus,

125 1673 199 1733 quos
222 1653 258 1712 ab
281 1655 408 1727 Aecidio
432 1655 575 1728 Menapia
609 1653 736 1732 accepit,
768 1660 831 1712 turn
854 1650 1035 1712 Baltbasaris
1069 1650 1180 1710 Mureti
1199 1652 1269 1709 Ant·

126 1755 288 1833 verpiensis
317 1753 401 1814 libris
431 1761 569 1830 quattuor
599 1761 628 1813 et
661 1754 826 1831 fragmento
858 1753 982 1822 codicis,
1019 1761 1047 1812 et
1071 1751 1274 1812 Montntlrcnii

128 1855 323 1915 Bononiensis
346 1854 509 1934 exemplari
532 1873 609 1916 saec.
633 1853 699 1915 Xlll
722 1857 842 1933 scripto.

210 2009 411 2068 Mentetionus
431 2011 548 2082 primus
569 2006 694 2066 Palatini
717 2013 747 2065 et
768 2005 895 2065 Gudiani
919 2007 1022 2066 adlinis
1046 1992 1270 2085 essearguitur

126 2111 201 2170 bene
223 2112 342 2170 inverso
363 2109 483 2185 ,vulgato
506 2111 577 2169 Aen.
602 2105 701 2168 vetti
718 2126 761 2186 sq.
786 2107 899 2166 ordine.
946 2108 1019 2168 ltern
1041 2109 1113 2168 Aen.
1138 2108 1186 2167 Vll
1210 2105 1271 2168 763

126 2212 176 2271 ubi
198 2230 253 2289 pro
276 2213 441 2270 umentia
472 2211 555 2290 (MR)
590 2212 621 2269 in
649 2211 693 2269 Pc
721 2216 800 2268 extat
822 2208 1008 2277 ΗΥΜΕΤΙΑ,
1044 2211 1197 2288 proximus
1226 2209 1272 2269 bis

105 2314 271 2390 'scriptura
292 2315 412 2386 ymerio.
459 2312 598 2372 Fortasse
622 2312 709 2370 etiam
732 2310 771 2370 Xl
794 2304 857 2370 598
880 2310 959 2389 quod
984 2310 1104 2371 Servius
1128 2311 1271 2387 quosdam

126 2413 224 2490 legere
247 2421 349 2474 narrat
370 2418 468 2474 etruri
486 2431 542 2492 pro
558 2415 711 2473 Etrusci
731 2411 783 2492 (sic
799 2413 1004 2492 decepte),
1027 2420 1181 2490 receptum
1196 2411 1270 2472 illud

126 2516 156 2573 in
179 2513 355 2574 Mentcliano
378 2517 492 2593 primo,
523 2515 695 2592 Menagiano
719 2513 812 2573 altero
835 2513 975 2591 aliisque,
1008 2531 1095 2574 manu
1119 2516 1220 2593 priore
1242 2515 1272 2574 in

128 2617 170 2674 Pb
192 2633 310 2694 quoqne
331 2617 443 2683 iuerat,
479 2616 528 2676 ubi
557 2634 637 2676 nunc
664 2635 696 2676 sc
724 2616 838 2675 litterae
868 2617 897 2676 in
920 2615 1009 2675 litura
1032 2623 1111 2675 sunt.
1199 2617 1272 2676 Cum

127 2717 301 2793 Menagiano
324 2715 418 2776 altero
442 2725 471 2777 et
493 2717 652 2796 Sprotiano
681 2720 830 2778 consentit
858 2719 1046 2796 transpositis
1069 2717 1121 2777 llll
1143 2713 1206 2778 655
1226 2701 1272 2796 sq.

128 2817 252 2876 Delendi
276 2835 364 2895 posse
387 2818 560 2895 melioribus
583 2818 734 2879 codicibus
756 2821 867 2897 FMPy
891 2827 919 2878 et
949 2820 984 2879 bc
1011 2818 1168 2898 probatum
1192 2817 1272 2878 ordi-

128 2935 197 2977 nem
220 2937 279 2978 non
303 2921 413 2996 negavi,
438 2919 489 2979 sed
513 2920 740 2998 praeterendum
765 2938 830 2979 esse
853 2919 926 2979 mihi
948 2939 1009 2980 non
1033 2922 1182 2998 persuasit
1197 2919 1272 2980 Con·

127 3019 196 3079 rads
218 3021 248 3079 in
271 3027 399 3098 quaesit.
415 3020 533 3097 Vergili.
559 3041 586 3099 p.
603 3019 692 3082 XVlll
708 3021 773 3081 adn.
813 3021 879 3080 Meo
896 3023 973 3080 enim
997 3039 1088 3081 sensu
1110 3020 1274 3099 simplicior

129 3127 158 3178 ct
180 3122 276 3198 aptior
299 3123 375 3181 ratio
399 3131 474 3191 crat,
506 3140 572 3181 curn
597 3130 748 3202 repeteret
776 3123 920 3183 memoria
943 3121 1018 3181 Dido
1040 3141 1129 3200 quern
1153 3140 1272 3182 cursum

128 3220 277 3282 Fortunae
299 3224 473 3300 peregisset,
508 3225 651 3302 temporis
685 3242 803 3302 quoque
835 3241 954 3284 cursum
989 3241 1108 3283 servare
1142 3230 1171 3282 et
1200 3221 1273 3282 haec

127 3321 230 3388 ‘leiim
264 3323 321 3382 heu
346 3325 468 3384 nimium
491 3324 577 3392 lelix,
613 3327 638 3385 si
666 3324 752 3385 litora
780 3332 893 3386 tanturn
924 3342 1085 3403 numquam
1108 3322 1273 3384 Dardaniae

127 3424 295 3500 tetigissent
317 3432 416 3484 nostra
440 3427 575 3485 carinae'
604 3425 688 3486 urbis
711 3427 810 3504 potius
832 3425 972 3485 fundatae
996 3424 1127 3485 exordiis
1148 3424 1273 3484 laetissi·

129 3525 186 3583 mis
210 3543 297 3601 qnam
321 3528 399 3586 tristi
422 3527 543 3588 ultionis
572 3546 588 3586 a
618 3529 709 3588 fratre
738 3535 841 3605 captae
868 3525 1066 3586 recordationi
1095 3525 1271 3603 adiungere;

64 3697 70 3712 .
128 3619 255 3703 cumque
278 3629 302 3687 V
325 3627 422 3688 littera
451 3636 577 3708 uterque
606 3648 709 3690 versus
738 3629 873 3708 incipiat,
905 3646 989 3688 error
1017 3630 1047 3686 in
1076 3627 1273 3688 describendo

129 3727 223 3787 lacilis
259 3737 332 3789 erat.
428 3730 576 3809 Optimam
605 3748 692 3806 quarn
721 3730 836 3791 Probus
870 3729 1086 3790 commendavit
1115 3729 1274 3789 lectionem

124 3829 255 3900 fiores
276 3831 349 3890 tlen.
374 3829 425 3890 Xll
448 3828 525 3899 608,
555 3831 705 3910 expulsam
728 3831 808 3890 illam
838 3833 869 3889 in
893 3832 1066 3908 inreptet
1088 3832 1273 3890 ‘neoterica'

125 3935 233 4004 fleres,
258 3949 345 4009 quarn
360 3939 443 3992 recte
460 3933 596 3992 Heinsius
618 3935 648 3992 in
664 3932 720 3991 boc
744 3939 773 3991 et
794 3935 825 3991 in
841 3931 979 3991 Leidensi
1001 3931 1070 3990 olim
1094 3932 1185 3991 iuissc
1202 3949 1273 3992 con·

128 4033 233 4090 iecerit
255 4035 414 4093 nescimus.
461 4033 518 4093 Sed
542 4036 745 4094 auctoritatem
770 4033 880 4093 codicis
903 4034 987 4108 sequi
1010 4031 1155 4092 debebam
1178 4049 1224 4108 ge.
1249 4031 1273 4091 ll

128 4128 147 4191 8
160 4131 275 4191 edendo
287 4135 458 4210 dereptis
470 4154 524 4213 pro
537 4137 662 4212 direptis
673 4133 814 4215 (Myrrha),
828 4134 906 4210 quod
918 4151 997 4194 nunc
1009 4135 1138 4212 paenitet
1150 4134 1179 4192 in
1192 4140 1273 4193 textu

130 4234 303 4294 retinuisse:
339 4255 407 4296 nam
430 4235 508 4296 idem
532 4255 547 4296 a
571 4235 699 4296 librariis
723 4255 808 4296 error
831 4237 1005 4296 commissus
1028 4243 1073 4295 est
1094 4253 1139 4313 ge.
1164 4231 1274 4293 11242

128 4339 200 4395 Aen.
224 4332 331 4406 1211,
356 4336 407 4398 ubi
430 4340 585 4414 deripiunt
608 4337 644 4397 eb
667 4337 789 4397 Heinsio
813 4338 993 4404 restitutum,
1019 4335 1056 4397 ΙΙΙ
1079 4334 1140 4396 267
1172 4331 1275 4394 x475

128 4435 167 4495 Xl
193 4433 262 4498 193.

1003 4535 1070 4599 23*
