3276 5050
554 422 557 430 '
602 433 847 486 enouudouuun
981 505 989 512 „
1253 412 1292 485 81

229 605 384 670 15111051
413 617 519 687 quarto
538 613 763 680 recentiorem,
799 612 901 688 quinto
931 627 965 670 ex
994 617 1078 690 parte
1107 617 1188 672 certe
1217 613 1292 671 anti-

144 713 281 792 quiorem
306 727 373 771 esse
396 710 525 773 diximus
547 729 658 775 nonum
685 712 810 782 librum,
842 714 892 792 qui
922 713 1055 792 quamvis
1082 711 1294 793 pulcherrimis

143 813 218 874 locis
240 814 363 892 insignis
386 820 483 874 tamen
507 833 523 874 a
545 815 738 894 perfectionis
753 813 841 875 laude
855 813 961 894 procul
977 815 1069 876 abest.
1100 814 1293 876 Hemisticlria

71 1001 73 1005 Ι
144 921 260 976 restant
284 905 353 976 167.
376 911 449 976 295.
472 912 545 977 467.
568 913 640 977 520.
666 913 737 978 721.
761 913 821 977 761
847 923 876 977 51
898 917 923 977 51
945 935 1012 978 1515
1033 915 1223 997 Peerlkampi
1244 935 1293 978 su·
1411 935 1414 942 ·

145 1019 239 1096 spicio
268 1025 313 1077 est
344 1011 414 1077 160.
466 1017 557 1078 Paulo
586 1017 777 1078 obscuriores
799 1017 937 1079 videntur
963 1035 1007 1080 vv.
1030 1014 1093 1079 367
1122 1035 1187 1096 sqq.
1228 1019 1294 1079 Non
1355 1039 1357 1046 ¹

30 1171 32 1176 .
145 1121 224 1184 enim
248 1117 321 1178 dixit
349 1130 436 1196 poeta
459 1126 534 1196 quo,
564 1120 682 1198 quando
711 1127 741 1180 51
763 1137 821 1198 quo
850 1117 973 1180 consilio
1001 1121 1157 1199 praemissi
1184 1121 1297 1180 luerint

83 1251 87 1258 ·
148 1223 264 1301 equites
288 1228 317 1281 51
339 1219 419 1280 unde
441 1239 585 1301 responsa
607 1223 715 1282 lerant.
760 1221 903 1283 Perversa
935 1229 1033 1282 autem
1061 1223 1087 1282 si
1115 1220 1185 1300 quid
1207 1221 1292 1282 rideo

147 1322 286 1384 Ladevici
308 1324 401 1391 15110,
430 1325 629 1394 remansisse,
665 1323 735 1384 dum
765 1341 832 1384 cum
861 1331 961 1384 551510
997 1325 1129 1384 exercitu
1172 1323 1293 1384 Turnus

40 1463 43 1467 -
146 1426 177 1484 in
202 1426 308 1486 castris
331 1424 395 1493 luit,
419 1443 513 1505 prope
529 1425 710 1486 Laurentum
732 1444 822 1486 unam
843 1425 1001 1504 legionem,
1027 1424 1106 1486 unde
1127 1427 1185 1486 iam
1209 1425 1290 1505 equi·

147 1535 193 1587 tes
217 1528 267 1604 qui
289 1525 424 1605 peditum
447 1527 604 1588 adventum
628 1529 800 1589 nuntiarent
821 1527 1003 1608 praemissos
1026 1545 1100 1588 esse.
1152 1527 1189 1588 lli
1212 1529 1292 1588 enim

147 1627 275 1709 Euryalo
299 1635 328 1688 51
343 1627 423 1699 Niso,
447 1631 497 1708 qui
513 1629 644 1690 Euandri
659 1628 764 1690 urbem
787 1647 890 1692 versus
911 1630 1038 1708 proiecti
1060 1637 1154 1699 erant,
1179 1628 1294 1690 obviam

146 1731 250 1790 venire
280 1747 441 1809 numquam
469 1738 616 1810 poterant.
667 1732 761 1792 lmmo
791 1731 977 1811 speculatum
1011 1729 1087 1793 ultra
1117 1730 1292 1792 Rutulorum

148 1839 245 1893 castra
269 1833 369 1901 missi,
399 1832 470 1893 dum
494 1852 529 1894 ex
553 1833 627 1894 urbe
650 1832 755 1910 reliqui
778 1833 906 1912 proiecti
928 1842 1024 1896 castra
1046 1833 1174 1894 Troiana
1196 1851 1291 1912 oppu·

146 1942 256 2012 gnam,
286 1933 402 2011 equites
429 1932 472 1994 illi
493 1936 552 1995 iam
575 1933 720 1996 redibant.
756 1935 799 1996 'ln
822 1937 924 1997 Numa
947 1936 1067 1996 nomine
1095 1951 1121 1995 v.
1145 1931 1210 1995 454
1230 1935 1289 1994 iam

147 2042 264 2097 veteres
292 2035 481 2096 olienderunt
508 2055 565 2097 nec
587 2037 722 2098 meminit
751 2037 839 2098 huius
861 2037 975 2098 Numae
1002 2043 1090 2116 poeta
1117 2039 1149 2097 in
1178 2036 1294 2097 decimo

146 2137 224 2199 libro
246 2155 272 2198 1.
296 2133 368 2208 562,
392 2137 442 2198 ubi
465 2137 563 2199 denuo
586 2139 712 2200 ‘fortem
727 2139 873 2200 Numam'
896 2137 932 2199 ab
955 2140 1052 2200 Aenea
1075 2139 1201 2200 interfici
1223 2155 1292 2198 nar·

131 2237 203 2300 rat.
247 2238 308 2299 Nec
330 2240 437 2320 ,4511511
460 2241 510 2319 qui
531 2257 558 2298 v.
581 2236 642 2301 571
667 2241 924 2311 commemoravit,
954 2239 1075 2301 alterius
1103 2238 1161 2300 loci
1182 2239 1208 2300 ll
1232 2233 1293 2300 175

147 2341 286 2401 meminit
308 2339 353 2400 vel
379 2342 441 2402 vice
462 2359 557 2402 15155.
602 2343 736 2404 Mancam
763 2343 862 2402 notari
890 2343 1056 2404 orationem
1078 2361 1104 2403 v.
1129 2337 1207 2410 749,
1239 2339 1291 2402 sed

147 2443 330 2504 ‘adsectatae
354 2449 542 2506 structurac’
566 2464 592 2504 1.
616 2441 679 2505 403
702 2444 797 2505 1551115
825 2443 920 2506 adlata
942 2443 1057 2505 medela
1079 2451 1133 2505 551.
1184 2443 1292 2506 Contra

148 2543 270 2605 tolerari
293 2563 353 2605 non
376 2553 494 2624 poterat
514 2548 602 2626 pinea
625 2545 697 2609 silva
719 2565 794 2626 quae
818 2535 905 2608 simul
927 2545 1012 2607 lucus
1033 2547 1118 2625 picea
1142 2544 1292 2606 trabibus-

148 2665 206 2725 que
229 2646 375 2708 obscurus
398 2650 516 2709 acernis
540 2645 685 2730 (85—87)
710 2656 801 2719 esset:
827 2666 897 2727 ergo
914 2647 1146 2728 dittographiam
1170 2649 1291 2728 signavi.

148 2749 243 2808 Nimia
273 2758 302 2810 51
328 2768 436 2829 parum
467 2749 512 2810 rel
534 2751 651 2811 Ascanii
679 2750 725 2811 vel
747 2751 810 2812 Nisi
832 2752 970 2831 personis
998 2757 1066 2830 apta
1094 2751 1243 2829 promissa
1267 2769 1292 2810 v.

146 2845 444 2912 2155145051
467 2853 620 2930 castigavit
641 2851 863 2932 Peerlkampus,
888 2860 918 2914 51
940 2869 1028 2930 aegre
1051 2851 1124 2912 milri
1145 2853 1210 2932 ipse
1234 2854 1290 2913 im·

147 2953 250 3032 peravi
270 2959 304 3013 ut
324 2954 355 3013 in
377 2959 462 3014 textu
484 2953 693 3031 relinquerem.
739 2955 834 3015 Etiam
857 2962 1078 3016 crateraunum
1094 2973 1120 3013 1.
1136 2949 1293 3014 26611151

148 3053 218 3114 bina
239 3053 354 3132 reliqua
377 3053 453 3116 dona
476 3055 582 3116 melius
606 3051 861 3118 omissum‘luisse
890 3075 993 3119 verum
1021 3061 1081 3125 est;
1115 3075 1149 3118 ae
1171 3055 1293 3118 Didonis

148 3157 290 3216 memoria
314 3156 362 3216 bic
385 3155 478 3218 multo
501 3159 600 3218 minus
624 3175 710 3236 quam
733 3157 773 3218 Xl
794 3155 836 3219 74
858 3166 925 3237 apta
948 3164 1021 3219 erat.
1053 3158 1111 3219 Sed
1128 3177 1152 3219 1.
1168 3155 1231 3220 315
1247 3175 1292 3234 sq.
1392 3195 1401 3200 -

148 3257 307 3336 malignius
337 3277 463 3337 carpere
491 3258 597 3320 nolim:
632 3261 799 3340 perniciosa
828 3261 963 3339 prolecto
991 3259 1170 3321 Rutulorum
1197 3265 1292 3320 castra

148 3361 219 3420 Niso
249 3368 278 3420 et
299 3359 426 3440 Euryalo
455 3359 588 3432 luerunt,
618 3379 694 3442 quae
721 3363 779 3423 nisi
809 3361 908 3423 caedis
937 3368 966 3422 51
996 3361 1125 3440 praedae
1155 3360 1293 3442 cupidine

148 3461 345 3524 detinuissent
365 3464 487 3524 iuvenes
509 3463 563 3524 tuti
586 3463 621 3524 ad
636 3465 757 3525 Aenean
779 3465 995 3544 pervenissent.
1032 3463 1111 3542 Ergo
1134 3471 1293 3542 antequam

146 3564 266 3624 inimica
290 3583 355 3626 5555
378 3571 546 3635 senserunt,
571 3564 671 3626 multis
692 3567 750 3646 ipsi
773 3567 862 3627 exitio
884 3565 977 3626 futuri
995 3573 1088 3626 erant.
1120 3565 1184 3638 Quo
1199 3565 1294 3643 magis

148 3664 251 3726 dubito
273 3666 310 3726 de
332 3665 414 3737 10015,
439 3669 464 3726 51
487 3667 533 3728 dis
555 3665 662 3746 placet,
687 3667 733 3728 vel
755 3667 830 3728 lucis
852 3667 973 3729 Albanis
995 3685 1021 3728 v.
1045 3663 1109 3729 387
1132 3687 1175 3747 sq.
1219 3666 1310 3741 Nam

147 3768 199 3847 qui
220 3768 256 3828 ad
278 3769 347 3829 liius
369 3772 464 3848 posita
489 3767 570 3848 (317)
595 3777 690 3831 055115
714 3769 803 3830 modo
827 3771 940 3848 egressi
968 3773 1054 3830 erant
1075 3767 1196 3849 iamque
1215 3767 1289 3829 adeo

147 3871 266 3930 moenia
288 3869 438 3931 Pallantea
467 3871 605 3933 subibant
633 3869 715 3952 (371)
745 3871 782 3932 ab
809 3871 922 3932 Albano
952 3871 996 3932 vel
1025 3880 1127 3932 monte
1155 3869 1200 3931 151
1228 3869 1293 3931 lacu

146 3969 193 4031 rel
215 3989 287 4050 agro
310 3972 415 4052 procul
438 3973 562 4034 aberant
585 3971 632 4052 151.
647 3973 700 4034 Xll
725 3969 785 4034 134
808 3973 873 4052 sq),
900 3971 1101 4034 confidentius
1123 3971 1233 4034 seclusi
1257 3989 1293 4032 ex

146 4079 253 4152 poetae
275 4073 375 4135 verbis
397 4093 422 4136 1.
448 4072 518 4136 151.
542 4072 614 4136 363.
638 4071 709 4145 777,
732 4074 877 4136 librorum
901 4077 989 4136 etiam
1012 4076 1181 4136 testimonio
1204 4091 1293 4153 repu-

147 4175 268 4236 diantur
295 4172 347 4236 29.
377 4172 447 4236 121.
476 4171 550 4238 529.
600 4177 721 4250 Luxatis
741 4175 884 4240 rensibus
915 4175 976 4238 146
1000 4195 1043 4258 sq.
1073 4175 1294 4257 transponendo

145 4283 215 4357 post
237 4273 277 4338 72
300 4297 389 4358 opem
411 4277 474 4340 tuli.
532 4265 534 4268 ⁵
771 4275 774 4280 ’
1330 4269 1336 4284 “

233 4377 266 4439 ln
288 4383 412 4458 septimo
434 4377 512 4441 libro
534 4379 646 4442 ultimis
670 4383 757 4442 ctiam
781 4383 856 4445 vitae
879 4385 965 4445 annis
994 4389 1170 4464 occupatum
1199 4381 1294 4442 luisse

146 4487 267 4566 poetam
289 4483 427 4566 inprimis
450 4483 537 4545 docet
560 4501 584 4544 v.
610 4479 678 4566 604ι
695 4501 738 4564 sq.
762 4483 841 4546 ‘sive
858 4485 939 4548 Getis
961 4487 1074 4548 inferre
1096 4501 1185 4545 manu
1208 4481 1294 4543 lacri-

200 4598 337 4652 stanuum,
357 4599 518 4637 Puouuuolt.
1071 4588 1091 4652 6
