3276 5050
315 414 356 478 86
764 435 1006 477 rnonnuonmm.

315 601 389 666 598.
434 603 510 675 Quid
534 606 565 663 lu
588 603 780 683 sequentibus
804 598 972 664 172475
987 601 1146 663 obscurum
1163 610 1193 663 et
1207 603 1283 664 rude
1305 605 1343 663 sit
1358 601 1458 664 Peerl·

317 707 440 784 kampus
464 707 608 784 exposuit.
654 706 740 767 Certe
762 706 858 765 inanis
880 703 983 782 gloria,
1013 704 1050 764 de
1072 705 1175 765 Turno
1198 722 1316 784 quoque
1341 712 1461 784 tropaea

317 807 441 884 Pallanti
463 808 564 871 lutura
586 809 690 877 luisse,
721 809 746 868 si
769 806 862 868 robur
885 807 979 866 maius
1001 807 1117 867 fuisset.
1163 806 1249 868 lllum
1272 807 1391 885 quidem
1415 826 1461 867 33-
1482 817 1485 824 “

312 911 442 972 nissimo
465 927 555 970 sensu
570 911 718 988 genuinus
734 909 873 970 Euander
897 909 954 988 ipsi
976 910 1093 970 Aeneae
1116 907 1220 970 deberi
1243 911 1340 970 statim
1358 928 1382 969 v.
1402 905 1462 969 178
1576 955 1584 962 .

318 1012 483 1090 profitetur.
529 1011 588 1072 Sed
610 1013 641 1072 in
665 1011 712 1072 bis
735 1029 854 1091 quoque
878 1018 1011 1072 extrema
1034 1012 1168 1085 ‘meritis
1191 1054 1248 1071 ...
1273 1014 1365 1073 imos'
1390 1007 1463 1087 (179

317 1109 439 1192 -181)
462 1111 614 1175 abundant
637 1121 666 1174 et
687 1113 838 1191 languent.

376 1216 511 1276 -Versus
532 1211 596 1276 290
622 1213 775 1277 tibicinem
804 1209 855 1275 ‘et'
878 1216 909 1275 in
933 1214 1080 1274 decimum
1104 1233 1129 1274 r.
1152 1234 1177 1276 r.
1207 1220 1336 1276 annum'
1364 1215 1464 1278 subtili

317 1315 427 1379 iudicio
447 1314 572 1378 Messala
599 1317 741 1376 notarit·
771 1316 837 1378 Nou
865 1316 1112 1396 dittograpbiam,
1143 1316 1195 1378 sed
1224 1319 1358 1397 spurium
1385 1337 1464 1378 nunc

320 1417 415 1478 habeo
445 1436 469 1476 v.
499 1415 549 1479 80.
607 1418 733 1479 Temere
767 1437 803 1480 ex
833 1418 883 1479 Vll
904 1415 968 1480 565
994 1437 1038 1496 sq.
1072 1421 1197 1498 repetita
1231 1438 1296 1480 esse
1329 1423 1465 1501 suspicor

320 1538 344 1579 v.
373 1515 436 1581 523
470 1537 515 1597 sq.
553 1519 627 1581 baec
664 1520 849 1608 ‘quam-...
881 1520 993 1591 latus',
1032 1538 1108 1598 quae
1145 1523 1255 1583 omisso
1292 1522 1372 1600 quod
1404 1522 1465 1584 illic

318 1621 450 1692 additum
474 1628 520 1682 est
547 1624 713 1684 ‘nemoris'
744 1641 782 1684 ne
810 1620 943 1701 intellegi
974 1623 1106 1700 quidem¹
1124 1625 1195 1686 satis
1217 1622 1304 1684 facile
1326 1634 1461 1703 possunt.

319 1723 380 1785 Nec
414 1722 504 1786 silvae
541 1725 654 1784 mentio
689 1724 738 1784 bic
775 1725 811 1785 ad
844 1744 908 1786 rem
942 1727 1124 1795 necessaria,
1159 1745 1227 1786 cum
1262 1726 1463 1789 difficillimam

319 1825 399 1890 aditu
433 1823 537 1887 vallem
570 1825 649 1886 illam
684 1834 713 1888 et
748 1827 845 1912 fraudi
868 1810 980 1906 'aptam
1015 1826 1130 1905 reliqua
1163 1826 1221 1888 loci
1257 1835 1362 1890 natura
1394 1831 1464 1890 satis
1512 1867 1516 1874 ·

320 1935 465 2008 praestet,
503 1929 654 1990 anfractus
694 1927 760 1989 dico
801 1937 829 1989 et
869 1931 966 1990 tenuis
1000 1920 1104 1990 semita
1143 1936 1173 1990 et
1204 1915 1332 1992 saucium
1372 1949 1463 2009 angu-

320 2031 402 2091 stiae.
447 2029 558 2092 Versus
580 2029 708 2110 denique
731 2027 792 2092 607
815 2050 870 2110 per
898 2050 930 2091 33
954 2030 1058 2092 durior
1087 2029 1206 2110 (durum
1236 2034 1313 2093 enim
1344 2040 1388 2093 est
1415 2032 1464 2093 ad·

320 2139 440 2202 ventum
475 2133 605 2193 virorum
638 2132 796 2193 ardescere
828 2133 900 2203 dici,
937 2133 1016 2212 quod
1049 2151 1087 2192 ue
1120 2133 1156 2193 de
1189 2135 1311 2195 fremitu
1344 2133 1464 2214 quidem

321 2253 466 2314 equorum
489 2236 560 2295 satis
581 2235 704 2314 proprie
727 2235 925 2316 praedicatur)
949 2242 1018 2314 post
1033 2255 1059 2294 v.
1075 2232 1139 2299 599
1154 2254 1218 2316 sqq.
1241 2253 1367 2314 prorsus
1390 2237 1463 2297 otio·

322 2356 373 2398 sus
396 2343 450 2398 est.

406 2440 504 2502 Unum
526 2440 557 2499 in
586 2441 692 2500 ultimo
720 2438 797 2500 libro
827 2438 1004 2500 versiculum
1033 2457 1093 2500 nou
1121 2438 1242 2518 plenum
1271 2437 1332 2500 631
1362 2441 1464 2519 optimi

320 2541 389 2612 libri
411 2541 570 2622 praebent,
600 2542 684 2602 cuius
713 2540 951 2620 supplementum
980 2542 1129 2601 novicium
1158 2547 1237 2601 extat
1264 2543 1295 2601 in
1318 2541 1464 2605 Leidensi.

321 2643 379 2704 Sed
402 2642 447 2703 bis
470 2641 515 2702 rel
539 2649 584 2704 ter
607 2644 784 2704 sententiam
800 2660 860 2702 non
878 2642 1018 2702 adfinem
1034 2642 1207 2721 perductam
1223 2645 1335 2704 notari:
1361 2662 1385 2703 v.
1402 2639 1465 2706 218

322 2752 351 2806 31
374 2751 442 2805 aute
465 2741 536 2806 733.
580 2745 699 2806 Tertius
722 2753 767 2805 331
788 2744 873 2805 13333
895 2747 1012 2806 Aeneae
1034 2745 1129 2805 oratio
1152 2741 1331 2816 889-893,
1354 2748 1385 2806 in
1408 2765 1465 2825 qua

322 2866 389 2909 cum
414 2842 477 2908 890
498 2865 645 2908 summam
668 2848 818 2908 contineat
840 2848 1026 2916 sententiam,
1050 2853 1101 2908 aut
1122 2847 1304 2926 praecedere
1319 2847 1467 2909 debebant

322 2951 476 3029 sequentia
500 2945 668 3011 891-898
692 2957 741 3009 aut
763 2948 819 3010 alia
842 2948 983 3020 clausula,
1008 2949 1087 3010 velut
1109 2951 1288 3029 ‘numquam
1311 2949 1399 3010 hodie
1423 2953 1465 3010 el·

323 3053 450 3129 lugies'‚
476 3050 650 3130 excipienda
674 3059 767 3111 erant.
801 3051 852 3112 Bis
878 3051 957 3112 idem
981 3052 1157 3131 exprimitur
1179 3069 1222 3110 vv.
1245 3046 1413 3111 879-881
1438 3058 1467 3110 31
1532 3088 1538 3098 x

323 3149 501 3222 882-884,
526 3151 577 3212 sed
598 3154 686 3213 itaut
708 3155 875 3214 ternionem
898 3161 1058 3232 utrumque
1081 3158 1167 3232 poeta
1189 3153 1253 3230 ipse
1276 3153 1466 3231 proposuisse

323 3254 491 3318 credendus
514 3256 561 3315 sit.
607 3254 673 3316 Non
695 3254 770 3333 fugit
793 3261 907 3314 veteres
930 3253 1188 3333 neglegentiaque
1205 3253 1349 3314 Camertis
1371 3255 1466 3314 forma

323 3377 349 3418 v.
379 3353 444 3417 224
473 3356 601 3418 induens
629 3357 782 3418 Iuturnam
816 3375 876 3417 non
904 3357 1040 3416 meminit
1083 3356 1214 3415 occisum
1243 3373 1308 3416 esse
1337 3355 1363 3419 ll
1393 3351 1466 3426 562,

326 3459 383 3520 uisi
405 3459 481 3520 sorte
505 3460 699 3536 cognomines
722 3458 796 3520 duos
818 3456 950 3535 intellegi
972 3455 1071 3517 voluit.
1118 3457 1192 3518 Sunt
1213 3466 1368 3536 praeterea
1392 3477 1467 3537 quae

325 3568 426 3621 utrum
448 3559 645 3638 interpolator
673 3579 709 3620 an
736 3559 823 3639 poeta
850 3561 1016 3638 peccaverit
1043 3559 1214 3637 ambiguum
1244 3569 1296 3622 est.
1347 3561 1467 3622 Certum

326 3661 445 3739 quidem
468 3669 497 3722 et
518 3660 664 3721 librorum
686 3663 862 3722 auctoritate
884 3661 1046 3730 firmatum,
1076 3660 1189 3722 alienos
1216 3661 1332 3727 abhoc
1355 3681 1419 3724 esse
1442 3681 1468 3724 v.

253 3759 256 3766 ’
324 3759 387 3824 612
409 3781 453 3843 sq.

410 3865 537 3928 Omnino
571 3864 635 3926 aliis
664 3864 752 3926 buius
785 3865 853 3926 libri
885 3864 1021 3944 partibus
1055 3873 1085 3927 et
1118 3868 1216 3928 miuus
1250 3886 1266 3928 3
1296 3875 1383 3946 33313
1410 3866 1469 3928 ela·

325 3967 449 4028 boratus
473 3974 502 4027 et
524 3967 561 4028 ab
589 3966 803 4047 interpolatore
832 3969 925 4046 magis
954 3974 1153 4046 pertractatus
1181 3987 1247 4030 esse
1276 3968 1391 4030 uidetur
1419 3969 1469 4030 ille

326 4069 363 4130 de
385 4068 507 4132 loedere
529 4077 620 4148 rupto
642 4069 735 4130 locus.
780 4070 883 4130 Notavi
905 4088 1041 4132 mancam
1064 4089 1088 4130 v.
1105 4067 1168 4131 218
1191 4072 1378 4132 sententiam.
1410 4071 1469 4132 Sed

327 4173 424 4232 statim
448 4191 472 4234 v:
496 4167 665 4233 203-205
687 4174 787 4252 inepte
809 4172 932 4234 Latinus
954 4171 1001 4233 his
1029 4174 1105 4233 ‘nec
1131 4190 1180 4233 me
1203 4174 1272 4233 vis.
1299 4219 1306 4232 .
1329 4219 1336 4234 .
1359 4172 1469 4234 solvat'

331 4281 490 4353 exaggerat
512 4290 601 4350 quam
623 4276 769 4354 promittit
790 4273 888 4344 fidem,
912 4293 988 4355 quae
1011 4293 1071 4335 non
1094 4281 1213 4354 apoeta
1229 4276 1338 4354 scripta
1354 4290 1419 4336 esse
1434 4293 1470 4335 eo

327 4374 480 4455 probabile
496 4377 536 4446 ut,
561 4375 641 4454 quod
655 4378 809 4454 sequentia
824 4395 849 4435 v.
864 4373 928 4437 206
944 4395 1007 4458 sqq.
1033 4382 1084 4438 ‘ut
1099 4383 1249 4454 sceptrum
1264 4375 1338 4436 boc'
1356 4395 1380 4436 e.
1400 4394 1427 4454 q.
1445 4395 1468 4439 s.

326 4479 390 4557 ipsa
413 4479 559 4540 sententia
582 4477 744 4540 cohaerent
767 4497 834 4548 cum
857 4475 919 4540 202
935 4498 991 4560 sq„
1016 4495 1091 4556 quae
1114 4477 1187 4539 baec
1211 4485 1269 4539 est:
1296 4477 1389 4538 ‘nulla
1406 4477 1469 4538 dies
