3230 5046
615 416 859 458 eaonneouauc.
1246 394 1307 459 201

249 581 465 652 Quintilianum
495 590 593 642 tanuen
621 601 691 644 cave
721 583 835 652 credas,
865 584 1046 662 ubicumque
1064 586 1164 647 uerba
1186 586 1310 665 Vergilii

122 717 125 719 -
161 683 296 753 inseruit,
321 701 440 744 manum
464 693 569 762 poetae
592 685 732 764 religiose
755 685 891 745 reddere.
940 689 1032 748 Verae
1055 705 1126 748 sane
1143 689 1309 768 scripturae

163 783 482 846 turbaturecl.l.12
509 789 593 847 testis
622 794 668 848 est
695 789 931 867 antiquissimus,
967 808 1022 867 pro
1058 793 1113 866 qua
1147 789 1217 850 libri
1246 791 1310 850 lere

166 905 269 946 omnes
291 889 449 949 turbamur
470 895 660 968 receperunt,
691 907 870 969 quamquam
894 890 939 950 vel
962 893 1063 968 quinto
1092 891 1210 952 saeculo
1235 891 1310 952 Con·

163 991 275 1050 sentius
306 989 345 1049 'de
378 990 561 1070 inpersouali
594 994 734 1056 turbatur
766 993 929 1071 praecepit.
991 993 1075 1069 Legit
1116 992 1194 1052 idem
1230 991 1308 1070 quod

165 1109 226 1149 nou
259 1092 358 1151 minus
386 1093 417 1152 in
447 1092 668 1172 exemplaribus
698 1093 899 1154 oblitteratum
928 1101 972 1155 est
1005 1095 1124 1154 addunt
1151 1097 1181 1154 iu
1210 1097 1311 1170 spatia

163 1209 209 1268 ge.
226 1188 326 1253 1513.
366 1193 424 1254 Sed
447 1201 597 1274 tamquam
614 1214 673 1256 non
690 1197 787 1256 minus
803 1202 915 1256 certam
938 1202 967 1255 et
979 1194 1184 1256 indubitatam
1209 1194 1310 1256 laudat

166 1293 328 1371 ‘figuram'
364 1295 439 1356 banc
473 1299 544 1372 ‘qui
568 1315 628 1358 non
657 1299 751 1358 risere
777 1301 917 1372 purenti'
948 1317 973 1358 e.
998 1316 1025 1375 q.
1050 1317 1073 1357 s.
1104 1293 1309 1366 ect111162,

165 1413 234 1454 cum
256 1414 312 1456 nos
331 1398 364 1457 in
387 1397 539 1460 codicibus
563 1398 666 1459 eadem
688 1399 821 1477 legamus
852 1417 927 1476 quae
950 1399 1071 1460 Servius
1098 1401 1312 1478 interpretatur

166 1499 236 1558 ‘cui
261 1516 330 1559 non,
349 1499 445 1559 risere
465 1505 646 1576 'parentes.’:
682 1500 768 1561 illud⁴
785 1503 835 1580 qui
857 1491 985 1580 xscripsit
1014 1520 1074 1561 non
1106 1501 1220 1561 videtur
1249 1500 1312 1572 0V1

123 1613 128 1617 ·
166 1598 262 1660 dativi.
276 1599 403 1661 sormam
425 1601 614 1662 intellexisse.
667 1603 875 1674 Coniecturae,
906 1621 981 1681 quae
1008 1605 1039 1663 in
1062 1605 1196 1682 Pyubem
1224 1602 1325 1671 redit,-

161 1701 237 1776 fupi
257 1718 312 1778 pro
329 1701 426 1778 fugos
447 1704 478 1762 ic
497 1702 648 1782 laudando
672 1704 726 1765 ecl.
749 1702 824 1765 ΙΧ9
847 1706 987 1774 credidit;
1013 1711 1131 1768 etcum
1155 1704 1312 1764 deteriori·

166 1801 224 1864 bus
257 1805 359 1873 etiam,
398 1804 553 1882 Bigotiano
582 1815 611 1866 et
633 1806 769 1868 Gothano
809 1809 914 1878 tertio,
948 1809 1049 1886 posuit
1080 1811 1152 1872 Aen.
1182 1807 1222 1867 xl
1248 1802 1312 1866 406

166 1906 262 1966 iactat
282 1909 458 1983 producit.
565 1967 568 1970 .

186 2061 188 2064 .
235 2006 409 2085 *Praeterea
438 2007 483 2070 vel
509 2011 685 2070 ‘memoriter
713 2009 827 2087 prolata
861 2010 906 2070 rel
935 2029 971 2070 ex
999 2009 1178 2089 interpolato
1209 2008 1312 2070 codice

166 2107 272 2170 hausta
294 2108 382 2170 haec:
770 2163 773 2168 .

186 2251 192 2257 -
222 2268 228 2273 .
255 2237 267 2274 ;.
334 2237 336 2242 ’
369 2218 518 2288 aurosum
540 2216 779 2294 prc'silcestrem
813 2210 945 2278 66112

370 2316 452 2374 sedet
473 2332 529 2392 pro
550 2322 649 2391 stupet
685 2318 757 2375 Aen.
780 2316 807 2376 Il
829 2313 889 2377 307

367 2419 557 2493 praecipium
579 2435 633 2494 pro
651 2420 834 2494 praedicam
870 2419 941 2478 Aen.
966 2413 1088 2478 111436

372 2521 457 2579 coelo
479 2537 535 2598 pro
552 2523 664 2595 pelago
700 2518 818 2580 benev
840 2515 903 2579 212

371 2622 474 2681 coedis
496 2639 551 2699 pro
573 2624 685 2696 strepis
720 2623 791 2684 Aen
817 2619 856 2680 XI
878 2616 950 2683 384.

254 2721 315 2803 Nec
338 2723 389 2800 qui
411 2730 478 2782 ante
496 2722 713 2804 Quintilianum¹
725 2722 821 2784 obiter
843 2724 890 2784 nsi
912 2729 981 2784 suut
1004 2722 1185 2782 carminibus
1207 2729 1314 2802 poetae

169 2823 281 2892 nostri,'
296 2813 430 2883 fidissimi
452 2830 543 2885 testes
565 2825 703 2885 habendi.

255 2926 420 2986 Columella
452 2925 508 2986 ubi
532 2946 567 2986 ex
596 2927 744 3004 georgicis
771 2925 861 2988 verba
890 2927 953 2986 suis
980 2927 1148 3005 praeceptis
1163 2926 1316 3001 ,inmiscet

169 3045 258 3104 quam
281 3027 442 3105 neglegens
464 3029 610 3104 genuinae
633 3029 795 3087 memoriae
819 3028 857 3087 sit
879 3029 950 3087 satis
966 3011 1262 3106 demonstrantquae
1278 3027 1314 3086 ad

125 3197 127 3202 ,
168 3129 222 3189 ΙΙΠ
245 3126 286 3190 89
309 3146 372 3206 sqq.
398 3129 542 3190 adnotavi.
588 3128 630 3189 Cl.
654 3129 809 3208 praeterea
833 3128 844 3187 l
869 3125 935 3189 195
964 3125 1023 3188 197
1052 3128 1105 3188 llll
1122 3125 1171 3188 70.
1202 3127 1314 3188 Mutato

169 3239 204 3292 ut
226 3230 311 3290 libuit
334 3231 438 3292 ordine
461 3231 694 3291 accommodavit
716 3231 842 3290 orationi
864 3229 989 3290 frustula
1011 3237 1115 3308 poetae
1139 3229 1235 3308 qualia
1250 3231 1314 3288 lere

169 3335 328 3392 inment'e
357 3332 536 3402 haerebant,
574 3351 633 3392 non
663 3332 822 3410 descripsit
850 3339 987 3392 accurate
1020 3330 1098 3391 bono
1125 3318 1167 3390 »ex
1202 3330 1313 3391 codice.

170 3435 292 3496 Accedit
315 3435 393 3512 qood
416 3453 454 3496 ne
476 3443 575 3496 textus
598 3433 716 3514 quidem
741 3431 919 3494 Columellae
949 3451 982 3493 ea
1005 3449 1062 3510 qua
1085 3451 1160 3512 opus
1182 3441 1227 3492 est
1249 3431 1321 3492 dili·'

170 3537 269 3614 gentia
288 3535 388 3598 adhuc
411 3543 617 3615 pertractatus·
630 3544 684 3597 est.
892 3527 894 3532 ’
1127 3591 1130 3596 ,

256 3639 400 3702 Senecam
427 3637 581 3700 rhetorem
608 3639 681 3698 Aen.
705 3637 744 3698 XI
766 3634 829 3698 288
864 3641 907 3698 ud
939 3641 1088 3700 adversae
1119 3655 1174 3716 pro
1207 3638 1321 3697 nostris·

93 3743 94 3746 ’
170 3739 256 3817 opud
278 3741 375 3804 durae
397 3739 505 3818 legisse
521 3740 621 3801 vvideri
638 3759 673 3800 ex
690 3739 800 3801 codicis
817 3739 1128 3819 corruptelacouiecit
1143 3739 1313 3800 Bnrsianus.

171 3841 258 3913 Quod
280 3843 305 3903 si
326 3841 375 3902 ille
397 3843 429 3900 iu
452 3841 614 3920 exemplari
637 3859 691 3902 suo
713 3843 855 3920 repperit,
880 3849 960 3927 certe
981 3839 1158 3920 interpolato
1173 3859 1247 3900 usus
1262 3848 1314 3900 est.

221 3989 238 4010 ,-
257 3943 337 4006 luter
359 3943 423 4013 ida,-
442 3963 516 4023 quae
539 3942 735 4022 philosophus
749 3943 863 4004 Seneca
885 3950 1024 4022 praestat,
1047 3941 1202 4021 probabile
1218 3943 1316 4002 *visum

172 4047 307 4106 estillic¹
323 4063 369 4122 ge.
393 4042 488 4108 1251
513 4047 591 4119 (illic
612 4045 724 4122 codd).
763 4045 823 4106 Nee
838 4047 976 4128 ,paenitet
999 4064 1033 4104 co
1056 4052 1178 4106 auctore
1200 4045 1233 4104 in
1252 4051 1327 4104 ten.

173 4154 235 4206 tum
257 4148 407 4226 recepisse
429 4165 489 4222 quu
510 4149 582 4228 Aen.
599 4147 636 4208 Vl
657 4144 711 4216 96,
733 4147 813 4225 quod
834 4167 850 4209 a
874 4165 942 4230 vera
963 4148 1080 4210 ratione
1103 4145 1321 4208 aberraverunt·

172 4250 227 4328 qui
247 4249 344 4326 n'uper
374 4250 414 4326 (in
435 4249 717 4310 Fleckeiseni'tanu.
735 4246 824 4312 *1863
851 4255 881 4328 pf.
905 4246 956 4312 69.
992 4244 1074 4310 1865
1096 4243 1211 4326 p.-w304
1238 4258 1325 4306 mus·
1432 4273 1435 4280 =

171 4349 267 4411 Rhen.
292 4349 359 4413 XIX
381 4347 453 4430 633)
475 4351 655 4413 coniectura
682 4351 792 4412 lactum
822 4357 989 4413 statuerunt
1010 4367 1123 4445 .ex4eo.
1144 4349 1229 4426 quod<
1248 4356 1317 4426 post

173 4451 406 4530 comparativum
429 4470 542 4531 ponere
564 4451 695 4531 proclive
719 4459 782 4513 erat
796 4469 900 4534 „quum”
917 4451 972 4530 (vel
995 4450 1092 4529 ovd),
1117 4458 1150 4512 ut
1171 4458 1200 4510 et
1222 4450 1316 4510 nostri
