3276 5050
179 479 180 486 ,
207 473 212 502 ,
620 439 862 484 Puouacousun.
1253 415 1313 478 113

171 611 198 669 ei
220 611 362 689 proponit
385 625 478 687 eaque
502 609 582 668 circa
603 605 758 668 historiam
780 608 853 677 lere,
878 613 908 666 et
929 605 1008 686 quod
1029 605 1173 686 pleraque
1195 603 1231 665 ab
1254 605 1312 666 Ho-

170 729 253 772 mero
277 713 467 791 sumpsisset,
497 709 550 770 sed
572 708 629 770 hoc
650 711 748 790 ipsum
772 711 886 770 crimen
908 710 951 769 sic
973 689 1134 769 defendere
1163 715 1316 769 assuetum

170 815 225 873 ait:
251 832 305 875 cnr
326 833 386 875 non
413 812 456 873 illi
479 830 598 892 quoque
621 811 725 873 eadem
739 813 818 872 lurta
834 812 1033 891 temptarent?
1056 829 1159 872 verum
1181 809 1315 871 intellec·

169 923 255 976 turos
279 915 393 976 lacilius
423 933 488 975 esse
511 913 633 998 Herculi
659 914 771 976 clavam
801 933 888 994 quam
910 913 1041 974 Homero
1069 931 1189 974 versum
1217 912 1314 974 subri-

170 1015 309 1096 pere'*l.
354 1018 440 1079 Certe
463 1017 537 1076 haec
559 1014 667 1093 legisse
690 1034 814 1076 necesse
837 1023 881 1076 est
903 1013 1101 1086 Macrobium,
1126 1015 1204 1094 apud
1227 1027 1316 1093 quern

171 1120 231 1180 Sat.
256 1119 279 1178 V
302 1117 331 1189 3,
358 1116 397 1179 16
420 1120 530 1198 ‘perge
553 1135 671 1196 quaeso,
695 1119 792 1195 inquit
813 1120 950 1188 Avienus,
975 1119 1073 1178 omnia
1096 1134 1171 1196 qnae
1186 1118 1317 1179 Homero

172 1221 318 1281 subtraxit
339 1221 527 1298 investigare.
579 1219 648 1296 quid
676 1221 755 1280 enim
784 1221 903 1280 suavius
932 1236 1021 1296 quam
1044 1219 1118 1280 duos
1140 1222 1317 1300 praecipuos

174 1330 255 1382 vates
277 1321 380 1383 audire
402 1322 482 1382 idem
505 1322 679 1400 loquentes?
707 1325 790 1401 quia,
822 1341 889 1383 cum
918 1324 973 1383 tria
1001 1322 1075 1384 haec
1099 1341 1250 1402 exaequo
1273 1324 1317 1382 in-

172 1422 327 1504 possibilia
347 1430 499 1503 potentur,
524 1422 569 1483 vel
584 1422 644 1483 lovi
659 1421 771 1483 fulmen
795 1423 840 1484 vel
855 1422 975 1484 Herculi
998 1423 1176 1484 clavam‘vel
1200 1442 1319 1484 versum

173 1525 303 1586 Homero
326 1525 518 1596 subtrahere,
553 1524 631 1605 quod
665 1528 720 1586 etsi
747 1527 812 1586 sieri
833 1534 936 1605 posset
963 1524 1056 1586 alium'
1075 1533 1175 1587 tamen
1204 1525 1319 1585 nullum

174 1628 295 1688 deceret
318 1626 363 1687 vel
385 1627 497 1687 lulmen
518 1635 639 1707 praeter
661 1628 759 1688 lovem
782 1630 881 1688 iacere
903 1627 949 1688 vel
972 1639 1086 1688 certare
1108 1625 1229 1708 pra'eter
1243 1627 1318 1688 Her·

176 1729 273 1790 culcm
297 1729 407 1791 robore
431 1729 476 1789 vel
498 1747 605 1790 canere
628 1730 707 1809 quod
730 1731 838 1792 cecinit
859 1731 1025 1800 Homerus,
1048 1729 1097 1790 hic
1120 1739 1267 1810 oportune
1289 1731 1321 1789 in

174 1850 250 1912 opus
274 1851 361 1893 suum
385 1849 462 1910 quae
484 1833 568 1910 prior
590 1841 670 1892 vates
693 1831 808 1892 dixerat
829 1831 1037 1892 transferendo
1053 1833 1124 1892 lecit
1139 1842 1172 1892 ut
1187 1852 1240 1894 sua
1256 1850 1320 1893 esse

176 1935 365 1995 credantur.'
409 1933 467 1993 S‘ed
491 1935 668 1994 temerarius
691 1936 731 1993 sit
752 1935 804 2013 qui
825 1935 890 2013 ipso
905 1935 1025 1995 Asconii
1046 1933 1123 1994 libro
1139 1934 1322 1995 Macrobium

176 2055 261 2097 usum
285 2035 430 2096 essehoc
454 2034 608 2096 sololoco
637 2036 813 2095 confirmare
840 2035 920 2096 velit.
971 2035 1081 2096 Verum
1112 2038 1244 2096 extitisse
1272 2055 1321 2096 co-

178 2141 294 2218 piosam
317 2135 493 2216 doctamque
521 2137 557 2197 de
580 2136 700 2214 Vergilii
723 2137 894 2196 auctoribus
917 2135 1158 2216 disputationem,
1183 2157 1241 2217 qua
1262 2157 1322 2198 non

178 2239 356 2320 culpandum
378 2247 410 2300 ut
432 2239 547 2308 lurem,
576 2239 628 2299 scd
652 2241 776 2299 summis
803 2238 941 2300 laudibus
967 2238 1198 2318 praedicandum
1220 2241 1321 2318 Vergi-

177 2342 249 2402 lium
278 2341 457 2410 docebatur,
487 2340 567 2420 quod
590 2341 721 2401 Graecae
748 2343 820 2401 artis
849 2349 878 2401 et
906 2326 1071 2402 doetrinae
1087 2343 1187 2421 copias
1205 2341 1324 2414 ,Latium

179 2445 372 2515 transtulerit,
386 2451 389 2460 “
402 2443 574 2504 Latinorum
602 2451 702 2504 autem
724 2451 880 2506 auctorum
907 2450 1040 2504 veterum
1075 2463 1110 2504 ex
1133 2444 1325 2524 sterquiliniis

183 2547 339 2607 coHectum
362 2563 467 2606 aurum
489 2547 658 2616 servaverit,
684 2545 831 2624 talemque
847 2549 1126 2608 commentationem
1140 2546 1324 2608 Macrobium

184 2649 396 2728 compilavisse,
420 2647 450 2707 id
474 2648 594 2728 quidem
616 2667 672 2728 pro
695 2657 776 2710 certo
799 2647 904 2710 habeo.

266 2749 325 2810 Sed
342 2749 426 2810 videm
457 2751 554 2829 eapite
581 2753 700 2828 integro
724 2749 763 2812 13
785 2737 901 2812 librili
929 2750 1132 2832 exemplorum
1161 2751 1325 2812 multitudi-

181 2869 249 2912 nem
277 2853 449 2930 proposuit,
485 2851 595 2931 quibus
624 2853 786 2914 Homerum
815 2873 875 2914 non
905 2853 1062 2914 adsecutus
1093 2874 1158 2915 esse
1180 2854 1327 2932 Vergilius

181 2955 342 3024 videretur,
366 2955 437 3014 item
460 2972 525 3034 cap.
551 2953 590 3016 15
613 2956 795 3016 auxiliorum
818 2957 1072 3017 enumerationem
1098 2957 1157 3037 (Vll
1172 2953 1232 3016 641
1250 2955 1325 3036 sqq.)

179 3076 249 3142 oum
271 3057 395 3118 Homeri
418 3056 552 3135 catalogo
578 3067 781 3138 comparatam
805 3067 834 3118 et
856 3059 960 3118 ordine
982 3057 1130 3138 probabili
1152 3067 1181 3119 et
1202 3059 1324 3136 diligen-

181 3161 239 3220 tiae
267 3159 354 3221 laude
383 3167 413 3220 ct
440 3161 536 3220 nativa
566 3162 680 3240 antiqui
706 3170 813 3240 poetae
841 3167 994 3222 venustate
1021 3177 1124 3220 carere
1148 3159 1242 3230 docet,
1271 3179 1327 3221 nec

181 3263 288 3322 inseite
310 3264 342 3322 in
367 3260 487 3342 capii
512 3257 643 3343 exponit,
667 3282 755 3343 quam
778 3283 810 3324 se
832 3264 941 3324 misere
964 3263 1084 3322 torserit
1099 3261 1254 3341 Vergilius,
1277 3263 1329 3323 ubi

181 3382 282 3424 rerum
305 3365 484 3424 necessitate
508 3365 544 3426 ab
568 3365 748 3427 Homericae
769 3347 951 3426 narrationis
978 3363 1027 3425 filo
1049 3364 1194 3425 recedere
1216 3383 1328 3445 suoque

181 3468 246 3545 ipse
268 3467 387 3544 ingenio
410 3474 532 3528 coactus
555 3469 593 3528 sit
621 3486 654 3537 se
684 3470 880 3528 committere.
932 3466 1034 3538 Qualia
1062 3467 1182 3547 quidem
1210 3467 1247 3527 ab
1275 3467 1327 3528 ob·

182 3567 392 3630 trectatoribus
415 3568 518 3630 sedulo
543 3569 666 3631 collecta
689 3578 718 3630 et
739 3569 886 3630 illustrata
909 3569 1000 3630 luisse
1023 3577 1256 3630 consentaneum
1273 3578 1327 3630 cst.

183 3669 241 3730 Sed
264 3670 351 3732 huius
373 3672 537 3733 industriae
560 3672 638 3754 apud
661 3673 798 3734 Servium
820 3672 961 3750 reliquias
984 3673 1108 3753 repperi
1129 3672 1236 3734 nullas.
1355 3658 1358 3664 ’

252 3858 281 3924 *)
301 3860 379 3922 Quae
397 3865 531 3912 secuntur
549 3865 594 3912 ‘et
612 3865 708 3911 tamen
727 3859 886 3910 destinasse
904 3860 1048 3925 recedere,
1072 3866 1103 3910 ut
1124 3862 1216 3910 omnis
1234 3859 1270 3910 sd
1287 3877 1331 3910 sa-

183 3945 310 3994 tietatem
337 3945 536 3997 malevolorum
565 3947 722 3998 decideret’
750 3947 810 3996 sive
838 3945 981 3996 emendas:
1010 3945 1182 3996 ‘destinasse
1209 3949 1331 3998 secedere

184 4027 239 4093 (sc.
257 4031 286 4080 in
304 4031 453 4082 Graeciam
472 4037 501 4081 et
518 4031 628 4082 Asiam:
654 4033 692 4082 cf.
710 4048 738 4096 p.
756 4033 798 4096 62,
820 4031 861 4094 lb)
881 4036 911 4080 ut
928 4031 1020 4081 omnia
1033 4067 1040 4081 .
1054 4070 1080 4083 ..
1097 4030 1238 4082 recideret’
1258 4033 1331 4083 sive:

184 4115 357 4166 ‘destinasse
375 4122 407 4166 ut
425 4117 516 4168 omnis
532 4155 538 4168 .
552 4154 558 4165 .
572 4157 581 4171 ,
597 4118 765 4182 recideret’‚
788 4123 882 4168 tamen
904 4131 984 4167 nemo
1003 4116 1099 4166 credet
1121 4132 1219 4168 revera
1235 4118 1332 4182 Vergi-

185 4200 252 4249 lium
272 4203 379 4266 cepisse
399 4203 545 4253 consilium
563 4201 675 4253 delendi
692 4205 722 4252 in
741 4202 905 4268 expolienda
921 4201 1044 4254 Aeneide
1057 4203 1220 4252 Homericos
1236 4219 1333 4254 versus

185 4301 289 4350 omnes,
308 4293 339 4336 ut
356 4290 500 4339 materiam
520 4287 694 4340 obtrectandi
713 4289 881 4340 adversariis
899 4275 1027 4354 eriperet.

610 4465 912 4472 ———-.--.—-...-

241 4613 378 4662 messer,
398 4615 557 4653 rsonsoou.
