3212 5042
611 428 856 494 recondendus.
1079 451 1083 464 ·
1265 407 1307 474 59

245 597 283 659 Et
305 597 342 658 de
364 613 420 657 senc
446 598 587 698 priorum
609 597 748 658 Aeneidis
777 597 923 658 librorum
953 597 1056 662 ordine
1086 617 1121 659 ac
1143 595 1307 662 rationibus

161 701 202 761 ita
218 699 378 791 disputarit
396 701 575 761 Friderr'cus
591 702 728 761 Conrads
749 701 780 760 in
803 699 1028 777 quaestionibus
1044 700 1210 778 virgilianis
1232 718 1307 778 quae

158 802 299 863 Treveris
315 819 392 862 anno
406 798 487 862 1863
498 801 684 880 prodierunt,
701 809 733 862 ut
747 803 777 862 in
793 819 843 862 res
857 803 1053 880 potissimum,
1071 804 1191 878 quaein
1207 805 1308 882 priore

158 906 302 985 poematis
324 911 415 985 parte¹
430 904 529 964 minus
543 904 698 964 'concinne
720 904 798 964 inter
814 922 846 964 se
868 921 1036 982 congruere
1056 903 1238 974 viderentur,
1262 905 1306 965 in·
1324 935 1326 942 ·

160 1009 304 1084 quireret.
350 1005 442 1066 Nobis
465 1011 564 1065 autem
587 1004 634 1065 hio
662 1005 699 1064 de
721 1006 860 1066 universo
889 1024 981 1084 opere
1004 1006 1306 1086 circumspiciendum

159 1111 230 1179 erit,
262 1115 294 1168 ut
316 1107 403 1187 quale
423 1107 579 1186 reliquerit
601 1105 731 1186 quidque
754 1106 867 1168 laboris
888 1109 1032 1168 restiterit
1055 1115 1084 1168 et
1106 1109 1223 1188 quando
1246 1109 1306 1168 sin·

157 1210 243 1290 gulas
267 1218 367 1290 partes
390 1210 552 1288 scripserit,
583 1216 724 1290 quantum
747 1207 831 1270 brevi
853 1208 1085 1289 perlustratione
1114 1211 1179 1271 fieri
1209 1216 1308 1288 potest

158 1311 377 1391 intellegamus.

244 1415 281 1475 Et
303 1419 445 1491 quartam
469 1412 597 1490 quidem,
622 1413 781 1476 formatum
805 1413 840 1474 ad
863 1413 1010 1494 Apollonii
1033 1412 1140 1476 Rhodii
1156 1415 1308 1492 Argonau-

159 1518 240 1578 ticon
267 1515 336 1576 libri
358 1515 411 1575 llll
434 1514 618 1595 exemplum,
652 1533 711 1593 quo
733 1515 854 1577 Medeae
883 1516 920 1578 ab
942 1517 1047 1578 lasona
1076 1516 1211 1578 desertae
1238 1514 1311 1577 ultio

160 1625 307 1687 narratur,
332 1619 471 1694 quoniam
494 1617 530 1678 ab
553 1616 666 1677 altioris
689 1618 841 1696 indaginis
865 1618 1031 1679 eruditione
1054 1618 1168 1680 alienus
1182 1619 1212 1678 in
1229 1636 1310 1678 amo·

159 1721 202 1781 ris
238 1721 366 1780 maxime
399 1719 515 1780 funesta
550 1721 576 1778 vi
612 1719 783 1780 exornanda
813 1728 962 1790 versatur,
1003 1720 1068 1781 aliis
1096 1721 1180 1799 prius
1208 1719 1312 1798 perfici

160 1823 293 1900 potuisse
317 1823 538 1901 separatimque
561 1821 717 1882 recitatum
740 1839 922 1900 magnopere
945 1821 1094 1901 placuisse
1118 1823 1225 1882 mirum
1248 1839 1308 1883 non

70 1905 83 1918 ⁸
163 1931 217 1984 est.
253 1924 296 1984 lta
321 1924 399 1984 enirn
421 1921 562 1983 Macrobii
585 1924 672 1982 etiam
702 1929 796 1984 aetate
825 1923 1023 1984 ‘lascivientis
1046 1923 1170 1986 Didonis
1192 1921 1311 1984 labula'

162 2025 332 2102 Vergiliana
355 2043 409 2104 per
433 2042 484 2084 ora
508 2026 640 2084 omnium
670 2022 823 2094 volitabat,
854 2032 888 2084 ut
915 2027 1046 2104 pictores
1075 2026 1253 2102 lictoresque
1282 2033 1311 2086 et

160 2129 212 2204 qui
234 2127 383 2205 figmentis
405 2125 543 2187 liciorum
567 2133 721 2186 contextas
743 2126 937 2187 imitabantur
966 2127 1080 2204 effigies
1109 2112 1164 2205 hac
1187 2128 1309 2188 materia

160 2228 205 2288 vel
234 2230 363 2288 maxime
390 2229 421 2288 in
451 2228 613 2288 efficiendis
641 2227 808 2290 simulacris
835 2235 985 2306 tamquam
1015 2230 1103 2288 unico
1134 2235 1310 2306 argumento

160 2330 278 2392 decoris
299 2336 455 2390 uterentur
477 2348 533 2390 nec
556 2331 654 2391 minus
677 2329 854 2400 histrionum
879 2331 1031 2409 perpetuis
1060 2335 1090 2389 et
1117 2327 1251 2408 gestibus
1281 2338 1310 2390 et

161 2431 296 2492 cantibus
309 2415 513 2492 celebraretur
526 2431 679 2507 (Macrobii
688 2432 779 2493 SatV
793 2429 842 2502 17,
854 2429 875 2493 5
889 2431 975 2494 verba
988 2433 1076 2511 sunt).
1098 2431 1142 2492 hb
1154 2431 1211 2492 hcc
1221 2433 1311 2508 igitur
1392 2449 1394 2458 ’

161 2533 247 2602 libro,
272 2535 323 2611 qui
344 2535 402 2613 ipsi
425 2534 533 2594 ceteris
556 2535 651 2612 magis
673 2534 820 2613 placuisse
844 2533 974 2604 videtur,
1004 2534 1106 2595 iudicii
1130 2533 1166 2594 de
1196 2540 1259 2595 arte
1283 2541 1312 2592 et

159 2635 280 2714 ingenio
302 2643 407 2715 poetae
430 2653 566 2696 normam
590 2635 721 2712 quidque
743 2637 774 2695 in
798 2634 864 2696 aliis
886 2635 1022 2714 partibus
1044 2633 1175 2696 voluisse
1192 2633 1307 2704 saltem,

164 2738 189 2797 si
210 2755 270 2796 non
293 2737 457 2815 perfecisse
479 2737 625 2815 putandus
641 2739 679 2798 sit
694 2739 896 2798 coniecturam
912 2745 1092 2817 repetemus.
1125 2737 1310 2813 Quamquam

161 2857 201 2898 ne
225 2838 306 2898 hunc
334 2839 455 2915 quidem
482 2837 650 2900 absolutum
679 2857 745 2899 esse
774 2839 818 2898 vel
850 2839 1036 2900 hemistichia
1065 2834 1116 2898 44.
1140 2836 1212 2898 361.
1235 2834 1307 2898 400.

159 2936 232 3001 503.
256 2936 319 3001 516
342 2940 458 3010 docent,
483 2941 592 3018 quibus
614 2943 738 3002 remotis
760 2958 835 3018 quos
858 2941 953 3001 aliena
969 2959 1075 3002 manus
1091 2941 1190 3002 adsuit
1204 2923 1311 3019 pannis

159 3037 223 3102 343
246 3049 277 3102 et
298 3037 340 3102 53
364 3041 498 3103 addenda
514 3043 636 3103 conieci.
668 3043 705 3103 Et
720 3043 757 3103 de
780 3042 836 3102 hoc
859 3043 978 3122 quidem
993 3039 1034 3105 53
1057 3044 1188 3104 sirecte
1211 3041 1308 3118 suspi-

162 3152 248 3204 catus
275 3162 356 3214 sum,
386 3161 424 3204 ne
455 3146 630 3204 sententiam
660 3144 780 3223 quidem
808 3143 972 3224 inpleverat
1001 3153 1096 3223 poeta.
1148 3143 1308 3204 Praeterea

161 3245 248 3305 hiare
271 3246 437 3330 orationem
459 3247 539 3307 circa
560 3266 587 3306 v.
610 3243 689 3316 418,
718 3245 807 3325 paulo
835 3246 938 3306 durius
961 3245 1099 3324 abrumpi
1121 3263 1147 3303 v.
1172 3239 1236 3304 360
1259 3242 1308 3302 ad·

160 3347 275 3416 notavi,
312 3349 401 3407 etiam
430 3366 456 3407 v.
487 3344 528 3408 98
562 3349 688 3408 sortasse
720 3349 914 3427 inperfectam
945 3366 1012 3409 esse
1036 3347 1204 3424 suspicatus
1233 3363 1308 3406 sum.

161 3449 297 3529 Denique
320 3449 443 3510 bidonis
466 3451 669 3510 execrationes
693 3448 847 3528 ambiguus
864 3450 955 3511 luisse
970 3448 1087 3510 videtur
1107 3456 1195 3528 poeta
1211 3455 1309 3508 utrum

162 3552 205 3611 sic
226 3551 404 3612 terminaret
425 3545 488 3614 382
511 3568 593 3629 sqq:

314 3742 395 3800 spero
419 3725 545 3800 equidem
568 3725 678 3786 mediis,
702 3725 793 3797 siquid
816 3742 874 3780 mea
898 3727 1007 3782 numina
1031 3732 1157 3799 possunt,

315 3809 448 3884 supplicia
471 3811 619 3866 hausurum
643 3809 766 3883 scopulis
788 3817 817 3865 et
839 3812 948 3866 nornine
971 3810 1035 3866 bide

315 3912 396 3969 saepe
418 3903 585 3952 vocaturum.
610 3912 710 3968 sequar
732 3895 799 3950 atris
821 3894 931 3968 ignibus
954 3894 1053 3951 absens

315 3988 356 4042 et,
380 3997 441 4036 cum
464 3979 561 4053 frigida
585 3996 658 4035 mors
681 3981 769 4036 anima
792 3980 930 4036 seduxerit
952 3988 1036 4042 artus,

313 4064 439 4122 crnnibus
462 4063 556 4122 umbra
580 4064 648 4120 locis
670 4064 761 4126 adero.
794 4064 883 4126 dabis,
907 4064 1036 4138 inprobe,
1060 4081 1162 4137 poenes

160 4231 197 4274 an
230 4213 368 4294 suppleto
403 4213 681 4291 quomodocumque
721 4211 906 4273 hemistichia
936 4211 999 4274 384
1032 4212 1145 4290 reliqua
1185 4215 1227 4272 sic
1260 4231 1307 4271 cr·

160 4315 277 4376 dinaret

267 4519 271 4524 .
313 4489 394 4546 spero
419 4470 544 4546 equidem
568 4471 672 4534 mediis,
697 4472 719 4527 si
743 4471 808 4546 quiri
831 4488 888 4526 mea
912 4473 1023 4529 numina
1044 4478 1169 4546 possunt,
