3212 5042
478 421 481 426 ’
578 449 824 492 nnonsaooxmm.
1230 427 1270 492 47

118 618 224 680 laudes
248 617 304 694 (vv.
329 613 520 697 teo-176),
552 625 653 696 postea
678 635 747 678 vero
769 633 894 696 prorsus
917 635 1025 678 novum
1055 615 1092 676 de
1115 616 1270 678 ‘arvorum

116 721 268 798 ingeniis’
299 727 386 799 caput
414 719 540 780 orditur.
593 719 671 796 Ergo
699 717 845 780 reddendi
873 719 936 778 suis
963 717 1036 778 locis
1063 717 1142 779 unde
1170 720 1271 802 nescio

119 841 182 901 quo
205 841 277 884 casu
300 823 360 882 sive
381 820 572 882 librariorum
596 819 782 902 neglegentia
806 821 867 880 sive
890 819 969 898 quod
986 821 1083 880 verius
1098 826 1170 898 puto
1193 821 1270 900 ipsa·

119 943 189 984 rum
219 930 329 1003 poetae
358 922 535 984 schedarum
563 922 660 984 turbis
689 921 804 1001 depulsi
832 929 901 981 sunt
929 917 1056 982 35-46
1083 923 1123 981 ita
1151 920 1271 1001 quidem

123 1033 159 1086 ut
180 1022 310 1087 35—38
332 1031 400 1105 post
423 1021 493 1094 108,
517 1021 643 1086 39-46
665 1029 734 1103 post
756 1019 775 1084 8
798 1021 991 1083 collocentur.

211 1127 314 1187 Redeo
338 1126 374 1187 ad
396 1126 639 1206 Peerlkampum,
670 1143 758 1204 quem
783 1124 860 1202 quod
884 1123 903 1184 l.
927 1124 945 1184 l.
970 1143 999 1204 p.
1026 1121 1086 1186 135
1114 1124 1269 1204 adipsum

121 1228 193 1290 libri
216 1231 307 1308 primi
330 1231 441 1289 exitum
464 1236 532 1307 post
556 1245 580 1287 v.
596 1225 660 1288 514
682 1228 835 1305 transponi
858 1225 948 1286 voluit
970 1244 997 1286 v.
1011 1222 1182 1287 498-502
1205 1245 1270 1288 cor·

88 1387 92 1394 ,
121 1332 246 1410 rupisse
270 1337 300 1390 et
321 1329 498 1392 dilacerasse
522 1331 658 1390 eximiam
680 1327 737 1389 looi
759 1327 1013 1407 pulchritudinem
1037 1328 1271 1389 cumnadevico

121 1432 141 1492 l.
167 1431 186 1492 l.
221 1451 251 1512 p.
277 1429 317 1492 15
344 1433 451 1492 sentio.
502 1432 576 1492 ltem
606 1431 751 1511 Heynium
780 1430 925 1490 erravisse
954 1429 1033 1509 quod
1061 1432 1213 1492 inversum
1240 1432 1271 1491 in

121 1533 259 1612 Longob.
276 1534 365 1594 Pierii
388 1533 489 1594 codice
512 1553 651 1595 versuum
674 1531 727 1593 llll
741 1527 804 1593 546
819 1548 864 1608 sq.
889 1531 1023 1592 ordinem
1046 1531 1190 1608 probavit,
1213 1533 1271 1592 iam

121 1635 243 1714 pridem
267 1636 389 1696 Vossius
412 1634 572 1704 intellexit,
602 1636 652 1714 qui
674 1641 773 1694 tamen
796 1632 1006 1694 Zuliohemiani
1030 1640 1059 1693 et
1080 1633 1272 1711 Lengniciani

122 1737 327 1797 coniecturam
357 1740 490 1820 revisens
519 1754 662 1815 spernere
691 1734 827 1796 debebat.
878 1735 950 1796 Nam
979 1735 1008 1794 id
1036 1737 1134 1814 ipsum
1163 1735 1270 1812 agitur,

122 1848 155 1898 ut
178 1839 297 1900 inferiis
319 1838 455 1918 placetur
469 1837 624 1918 Eurydice,
650 1845 679 1898 et
692 1836 836 1917 placatam
853 1855 919 1898 esse
941 1839 970 1896 in
993 1835 1060 1896 luco
1084 1855 1119 1897 ex
1134 1836 1270 1916 prodigio

122 1943 273 2020 comperit
293 1941 462 2010 Aristaeus,
495 1939 628 2019 planatae
656 1945 755 2000 autem
783 1940 893 2017 gratias
921 1955 1009 2016 agere
1038 1937 1158 2000 iubetur
1186 1955 1272 1998 caesa

122 2042 222 2104 vitula.
254 2043 357 2122 ltaque
380 2040 510 2102 dubitari
533 2040 613 2102 nullo
636 2040 725 2100 modo
746 2047 854 2120 potest,
879 2041 950 2119 quin
975 2039 1076 2100 ultimo
1100 2057 1186 2100 versu
1208 2035 1270 2100 547
1298 2107 1305 2121 ⁸

122 2144 194 2220 qaid
218 2150 252 2204 ut
275 2145 421 2206 efficiatur
444 2145 535 2204 sacris
557 2141 616 2203 illis
637 2124 770 2204 luturum
793 2144 831 2202 sit
852 2143 1006 2220 promittat
1028 2142 1151 2220 Cyrene.

206 2245 299 2306 Recte
322 2253 424 2306 contra
441 2243 625 2305 Schraderus
647 2243 778 2321 singulos
800 2261 904 2304 versus
919 2243 972 2303 llll
987 2239 1050 2303 369
1066 2261 1109 2322 sq.
1133 2251 1269 2322 transpo-

120 2347 188 2416 suit,
205 2363 266 2424 quo
282 2347 392 2407 lactum
409 2354 441 2406 ut
454 2345 553 2406 ltaliae
564 2345 686 2406 llumina
698 2347 753 2406 tria
766 2347 925 2406 coniuncta
937 2351 1159 2413 enumerentur,
1173 2343 1270 2424 Hypa-

120 2449 168 2508 nis
179 2455 278 2508 autem
290 2467 356 2508 cum
365 2448 451 2508 Caico
463 2454 664 2516 externorum,
678 2449 805 2508 maxime
818 2445 1013 2508 barbarorum
1026 2463 1131 2524 agmen
1144 2445 1269 2506 claudat.

206 2549 249 2610 De
272 2547 341 2610 libri
363 2551 444 2610 tertii
467 2551 546 2610 exitu
569 2549 639 2609 inde
662 2567 677 2608 a
700 2568 726 2609 v.
742 2545 911 2610 534-566
933 2551 973 2610 ita
996 2548 1155 2628 disputavit
1168 2547 1269 2607 Peerl-

121 2649 265 2730 lxampus,
296 2656 328 2711 ut
355 2669 411 2712 nec
439 2652 621 2730 persuaserit
647 2670 706 2711 non
737 2669 752 2711 a
776 2657 863 2730 poeta
886 2650 1006 2712 relictos
1029 2669 1108 2720 esse,
1137 2667 1211 2729 quos
1241 2657 1271 2709 et

124 2751 271 2814 librorum
295 2755 428 2813 omnium
452 2744 611 2812 auctoritas
635 2759 663 2812 et
690 2754 796 2831 partim
820 2754 1080 2830 grammaticorum
1102 2753 1270 2812 testimonia

125 2861 259 2924 tuentur,
284 2855 511 2915 necimmerito
534 2853 626 2915 multa
649 2855 861 2932 vituperavisse
883 2854 1025 2915 videatur.
1071 2853 1202 2924 Quorum
1226 2863 1268 2914 ta·

124 2973 191 3016 men
214 2954 288 3016 nibil
312 2955 376 3016 lere
399 2956 439 3016 ita
462 2963 665 3034 comparatum
688 2974 753 3016 esse
776 2956 875 3026 video,
904 2964 937 3017 ut
964 2975 1023 3016 non
1051 2957 1144 3035 possit
1172 2955 1270 3033 aliqua

106 3059 239 3118 'ratione
263 3058 409 3127 excusari,
434 3057 578 3136 quaedam
601 3076 671 3118 vero
694 3078 708 3117 a
733 3057 908 3143 criminibus
922 3059 978 3118 viri
991 3057 1073 3118 docti
1094 3059 1164 3120 satis
1187 3065 1269 3126 certo

121 3159 260 3220 videntur
282 3159 402 3222 delendi
424 3177 522 3238 posse.
555 3157 641 3219 Velut
663 3165 745 3220 recte
767 3165 942 3238 usurpatum
958 3177 1024 3220 esse
1040 3177 1148 3221 censeo
1164 3177 1188 3218 v.
1206 3157 1270 3221 534

122 3259 288 3321 ‘rimandi’
311 3259 435 3322 verbum
458 3261 495 3320 de
517 3262 632 3320 minuto
654 3260 786 3340 singulas
808 3261 942 3340 glebulas
963 3269 1060 3323 rastro
1081 3259 1271 3321 confodiendi

122 3371 149 3422 et
171 3360 307 3423 vertendi
330 3361 447 3432 labore,
482 3381 541 3441 quo
569 3379 643 3440 opus
672 3369 716 3423 est
738 3371 893 3443 postquam
917 3371 1048 3424 aratrum
1071 3362 1269 3424 destituerunt

124 3463 233 3533 boves;
259 3483 436 3544 quamquam
460 3465 556 3525 Taciti
579 3462 647 3524 bist.
671 3463 696 3524 ll
717 3460 760 3524 29
782 3464 895 3536 locum,
924 3465 974 3525 ubi
988 3465 1160 3545 ·quaerendi
1182 3484 1267 3528 causa

122 3564 236 3626 milites
258 3564 382 3628 humum
405 3565 472 3645 pilis
495 3572 525 3625 et
546 3565 658 3626 lanceis
681 3567 783 3626 rimari
806 3565 955 3636 dicuntur,
978 3569 1077 3628 minus
1092 3575 1160 3646 apte
1175 3567 1267 3628 Lade-

120 3669 206 3729 vicus
228 3667 248 3728 l.
271 3667 290 3728 l.
314 3687 343 3747 p.
366 3664 409 3728 20
431 3665 565 3728 contulit.
609 3667 714 3726 Postea
738 3685 762 3728 v.
787 3665 847 3728 541
872 3668 931 3730 duo
954 3671 1038 3748 qerasi
1060 3676 1191 3730 monstra
1214 3672 1268 3730 mi-

118 3777 206 3830 ratur
229 3777 327 3848 poeta,
351 3771 481 3848 primum
497 3769 636 3829 immensi
652 3770 743 3829 maris
765 3787 883 3848 quoque
897 3770 1013 3849 prolem
1030 3772 1165 3850 contagio
1188 3779 1266 3832 cete-

119 3887 221 3930 rorum
245 3870 417 3932 animalium
446 3877 553 3932 tactam
584 3889 664 3940 esse,
697 3870 803 3931 deinde
833 3874 995 3933 natantium
1026 3881 1054 3933 ct
1086 3873 1181 3934 libere
1213 3891 1268 3952 per

118 3971 215 4032 undas
246 3973 428 4034 versantium
459 3973 584 4052 piscium
612 3989 706 4050 genus
736 3975 820 4052 quasi
853 3973 1042 4037 submersum
1071 3974 1211 4036 lluotibus
1238 3985 1267 4036 et

118 4074 294 4151 naufragum
317 4073 353 4135 ad
375 4073 446 4134 litus
474 4073 644 4153 appulsum.
689 4074 846 4136 Excusavit
876 4075 949 4136 haec
973 4083 1060 4156 atque
1083 4076 1138 4138 alia
1168 4077 1262 4138 Lade·

119 4175 200 4235 vicus
222 4173 241 4233 l.
266 4173 284 4234 l.
330 4174 392 4236 Alia
417 4177 537 4236 Vossius
559 4178 630 4236 satis
651 4185 733 4238 recte
757 4176 962 4257 explicaverat.
992 4179 1054 4239 Nec
1069 4178 1264 4240 dubitandum

118 4277 189 4354 quin
213 4276 328 4336 Seneca
352 4276 457 4356 Oedipi
479 4286 568 4356 poeta
593 4279 640 4353 (ol.
664 4276 751 4357 Verg.
776 4276 847 4341 539.
881 4277 945 4340 544
967 4299 1010 4359 sq.
1044 4273 1106 4341 551
1129 4299 1172 4358 sq.
1197 4300 1263 4341 cum

117 4377 188 4437 [led.
216 4375 285 4437 149.
312 4374 373 4438 152
394 4398 456 4458 sqq.
484 4377 545 4440 160
566 4383 653 4458 squ),
677 4383 825 4443 Ausonius
847 4383 981 4442 centonis
1002 4382 1141 4460 nuptialis
1160 4391 1264 4443 auctor

118 4480 152 4560 (r.
176 4475 219 4540 20
241 4478 308 4540 coll.
333 4480 419 4556 Verg.
442 4477 526 4561 539),
550 4481 719 4543 Macrobius
742 4483 844 4543 eadem
868 4483 993 4562 legerint
1016 4501 1091 4562 quae
1114 4503 1177 4546 nos.
