3276 5050
308 351 369 416 122
762 376 1006 420 ruounoonmm.

306 541 400 604 Maius
428 544 640 624 interpretatus
664 552 709 607 ost
732 546 901 616 Metiscum,
926 547 1010 608 cuius
1033 545 1070 608 ‹le
1092 548 1267 630 Agathyrsis
1290 550 1393 610 notitia
1417 551 1453 611 ad
1519 607 1522 614 .

305 645 376 705 Aen.
400 645 453 706 llll
478 643 538 708 146
560 653 591 708 et
613 647 650 710 de
673 648 778 728 apibus
799 649 877 711 libro
900 649 937 710 ad
961 648 1009 712 Vll
1032 647 1073 712 66
1098 670 1168 712 usus
1191 657 1237 714 est
1252 652 1384 714 Servius.
1419 653 1455 714 Et
1517 660 1520 666 '

305 748 401 826 potuit
423 767 496 809 sane
516 750 604 821 idem,
629 750 738 821 lellus,
762 751 916 822 attollor,
941 754 992 833 qui
1015 751 1101 814 Gellii
1125 753 1226 833 (XVlll
1248 751 1277 833 6)
1307 757 1454 816 memoria

306 849 417 910 Romae
440 853 566 913 ‘summi
588 851 647 914 loci
667 855 747 915 inter
761 855 969 933 grammaticos
986 901 993 915 .
1011 899 1019 916 .
1034 863 1154 935 praeter
1170 855 1226 918 alia
1241 875 1318 937 quae
1335 859 1455 936 scripsit

306 952 477 1032 complura’
501 954 537 1015 de
559 954 700 1035 loquendi
722 957 906 1037 proprietate
928 955 1039 1020 librum
1068 960 1251 1038 composuit,
1282 977 1342 1020 non
1365 959 1452 1021 (laius

306 1054 486 1118 Maecenatis
508 1055 643 1128 libertus,
666 1060 846 1139 ineptiarum
870 1065 973 1121 auctor
988 1059 1034 1122 CL
1055 1059 1141 1120 libris
1163 1059 1363 1132 collectarum,
1388 1064 1452 1140 qui·

305 1157 361 1218 bus
391 1177 463 1219 sane
492 1163 539 1221 ‘et
567 1158 640 1221 alios
669 1161 908 1240 diver-stuporis
935 1169 1040 1241 postea
1069 1161 1202 1223 addidit’
1233 1162 1325 1240 (Suet.
1350 1163 1387 1224 de
1407 1163 1449 1225 ill.

305 1277 348 1337 gr.
373 1256 436 1340 21),
461 1263 562 1323 nescio
586 1281 645 1342 quo
668 1263 733 1325 loco
757 1264 845 1325 etiam
866 1263 903 1326 ad
924 1263 1005 1326 illam
1028 1263 1149 1343 Vergilii
1171 1264 1208 1325 de
1224 1263 1378 1326 Selinunte
1402 1285 1450 1328 vo-

247 1353 252 1368 '
308 1380 374 1425 cem
399 1365 660 1426 commentandam
680 1365 797 1428 adduci.

390 1466 493 1528 Restat
515 1466 693 1548 Philargyrii
722 1468 759 1529 de
787 1469 948 1532 coniurato
976 1469 1057 1532 Istro
1084 1468 1120 1530 ad
1150 1486 1195 1548 ge.
1220 1466 1330 1532 11497
1358 1469 1451 1539 locus,

305 1569 356 1630 ubi
379 1571 404 1630 si
428 1571 567 1646 Aufidius
589 1573 744 1633 Modestus
765 1589 875 1632 nomen
897 1578 980 1634 recte
1002 1568 1148 1650 legitur*)
1172 1589 1228 1634 nec
1250 1580 1300 1633 aut
1321 1573 1452 1651 interpo-

305 1671 398 1732 latum
421 1681 471 1733 aut
492 1671 529 1734 ab
551 1675 617 1753 ipso
640 1671 795 1734 scholiasta
817 1672 901 1734 valde
923 1674 1056 1735 incertae
1080 1675 1185 1735 aetatis
1214 1681 1329 1736 temere
1356 1679 1451 1734 muta·

304 1781 367 1835 tum
391 1782 451 1844 est,
482 1774 531 1836 bic
559 1775 680 1852 quidem
708 1775 813 1855 procul
843 1794 859 1836 a
885 1782 987 1836 nostra
1017 1775 1217 1856 disputatione
1245 1773 1401 1838 habendus
1424 1783 1453 1837 et

304 1877 494 1938 statuendum
518 1878 584 1948 erit,
607 1875 822 1958 philargyrium
840 1895 974 1956 quoquc,
999 1895 1066 1940 cum
1090 1877 1170 1939 hunc
1192 1877 1355 1948 Aufidium,
1380 1877 1452 1939 alte·

303 1998 371 2040 rum
393 1986 426 2040 ut
446 1978 630 2040 nobiliorem
658 1979 834 2060 simpliciter
856 1980 1020 2042 Modestum
1043 1979 1244 2060 appellaverit,
1273 1981 1387 2041 cavisse
1414 1999 1453 2041 ne

306 2081 563 2144 confunderentur
586 2089 731 2146 auctores.
762 2084 866 2160 Neque
888 2082 966 2144 enim
989 2091 1114 2162 propter
1135 2081 1215 2144 bunc
1237 2081 1332 2144 solum
1354 2081 1454 2144 locum

304 2183 412 2246 lulium
442 2193 577 2246 nostrum
610 2204 626 2245 a
656 2185 885 2247 commentando
908 2184 1037 2263 Vergilio
1059 2203 1184 2266 prorsus
1207 2183 1337 2246 alienum
1360 2185 1453 2246 luisse

303 2287 505 2350 concesserim
530 2289 694 2366 Suring'aro
717 2287 785 2350 bist.
810 2289 875 2348 crit.
900 2286 991 2348 schol.
1008 2287 1072 2348 Lat.
1096 2284 1206 2348 {1239
1229 2285 1381 2348 ctBuntio
1405 2286 1452 2363 (de

303 2389 419 2470 Hygino
441 2409 470 2469 p.
498 2386 538 2450 14
560 2389 650 2470 adm).
707 2390 759 2451 Sin
782 2389 888 2450 Aufidii
916 2405 1026 2448 nomen
1055 2399 1156 2449 careat
1184 2389 1256 2458 ilde,
1292 2396 1374 2448 certe
1401 2386 1452 2449 illa

302 2510 420 2572 quoque
443 2493 548 2554 notitia
571 2493 764 2571 grammatico
787 2499 890 2552 nostro
913 2489 1085 2568 dignissima
1101 2491 1147 2551 sit.
1185 2490 1257 2551 llam
1282 2497 1313 2551 ut
1336 2490 1450 2568 dignio-

302 2613 368 2654 rem
391 2593 443 2654 illo
466 2593 600 2656 Modesto
622 2594 794 2662 habeamus,
819 2593 870 2670 qui
886 2591 930 2676 'do
945 2591 1096 2653 vocabulis
1118 2593 1163 2652 rei
1184 2590 1320 2656 militaris
1342 2592 1452 2654 librum

302 2695 338 2756 ad
367 2695 504 2758 Tacitum
537 2700 703 2775 Augustum
737 2695 913 2773 conscripsit
947 2692 994 2773 (cl.
1018 2693 1254 2756 Graelenbanius
1287 2693 1340 2756 llll
1367 2691 1450 2776 426),

303 2817 392 2860 causa
418 2801 536 2876 gravior
558 2796 640 2860 nulla
663 2805 717 2859 est.

365 2951 368 2958 .
387 2899 528 2963 Ceterum
550 2903 581 2962 in
604 2897 835 2979 orthographica
857 2916 976 2979 quoque
998 2915 1111 2976 genere
1132 2898 1277 2979 quaedam
1299 2903 1451 2980 praecepit

302 3001 409 3074 luliuS,
440 3005 571 3081 quaein
594 3001 763 3082 Vergiliano
793 3007 875 3062 textu
905 3000 1102 3062 describendo
1131 3019 1190 3062 non
1213 2999 1345 3079 neglecta
1370 3009 1447 3063 suut.

304 3105 366 3167 Tus
389 3107 458 3183 quia
481 3093 548 3166 ἀπὸ
571 3100 632 3166 τοῦ
653 3095 755 3164 θύειν
780 3111 907 3166 tractum
931 3109 1024 3173 esset,
1055 3122 1121 3166 cum
1150 3103 1329 3182 aspiratione
1358 3103 1449 3164 scribi

304 3205 399 3269 voluit
422 3208 584 3291 (Charisius
606 3227 635 3288 p.
658 3203 709 3287 58)
734 3216 764 3268 ct
786 3208 946 3286 aspiratum
969 3205 1077 3285 legitur
1091 3206 1163 3266 Aen.
1188 3204 1251 3266 Vlll
1277 3201 1336 3265 106
1360 3212 1389 3266 ct
1410 3203 1450 3266 Xl

305 3306 368 3371 481
392 3311 423 3370 in
447 3310 548 3372 codice
563 3311 706 3380 Romano,
731 3309 783 3370 sed
807 3327 842 3369 eo
866 3308 940 3370 solo.
985 3309 1101 3370 Inchoo
1123 3307 1281 3370 dicendum
1305 3305 1379 3370 lalso
1395 3327 1448 3388 pu·

306 3411 403 3481 tabat,
433 3413 501 3491 quia
524 3419 603 3474 esset
624 3411 841 3491 ‘compositum
864 3430 879 3471 a
903 3409 991 3479 chao,
1021 3411 1108 3477 initio
1135 3414 1252 3470 rerum’
1283 3409 1451 3490 (Diomedes

302 3532 331 3593 p.
358 3510 422 3575 361
446 3514 501 3592 Ρ.),
525 3533 581 3576 nec
603 3514 690 3574 aliter
712 3515 805 3575 sensit
817 3513 945 3574 Scaurus
967 3512 1003 3572 de
1027 3511 1159 3590 orthogr.
1183 3508 1266 3574 2251
1282 3512 1331 3573 P.:
1356 3519 1386 3572 et
1407 3512 1449 3576 le·

302 3617 384 3694 gitur
412 3617 533 3677 inchoat
560 3634 606 3694 ge.
630 3611 735 3676 11142
762 3617 793 3674 in
816 3616 916 3694 prc,
946 3633 1014 3675 cum
1042 3615 1252 3693 aspirationem
1280 3621 1450 3694 postremae

302 3715 442 3798 syllabae,
471 3734 559 3794 quam
574 3717 696 3778 Verrius
711 3715 833 3778 Flaccus
857 3723 887 3776 et
900 3716 1061 3777 Suetonius
1077 3715 1268 3796 Tranquillus
1291 3723 1320 3776 ct
1334 3716 1450 3778 Probus

304 3817 431 3897 (Cathol.
461 3837 491 3898 p.
514 3815 565 3889 38,
588 3815 629 3879 27
652 3819 698 3898 Κ.)
728 3817 929 3900 probaverunt
956 3817 1090 3897 l‘cobum
1118 3819 1199 3880 enim
1226 3816 1304 3896 apud
1333 3824 1450 3879 veteres

303 3919 451 3981 mundum
473 3922 628 4000 significat.
652 3921 731 3982 unde
754 3921 940 3982 subtractum
963 3917 1131 3999 incohare')
1155 3919 1305 3983 Mediceus
1321 3926 1351 3980 et
1365 3919 1448 3982 Pala·

303 4024 386 4084 tinus
408 4021 459 4083 illo
482 4023 601 4103 quidem
623 4022 689 4085 loco
712 4023 884 4104 praebeant.
930 4022 1114 4102 Quamquam
1129 4023 1200 4084 hen.
1226 4021 1262 4082 Vl
1283 4017 1347 4083 252
1369 4021 1450 4084 solus

303 4122 454 4186 Palatinus
486 4125 543 4186 sibi
577 4132 708 4195 constat,
742 4125 793 4186 sed
822 4123 948 4186 Modesti
975 4125 1123 4186 rationem
1151 4130 1332 4203 acceperunt
1358 4125 1449 4201 FM'e,

371 4359 398 4429 ¹¹²)
418 4363 510 4416 Testis
522 4363 602 4414 huius
615 4362 670 4414 loci
682 4361 757 4414 solus
771 4367 815 4414 est
825 4363 980 4416 Vaticanus
992 4363 1068 4428 3317,
1083 4362 1112 4413 in
1131 4354 1257 4428 quo'logi
1269 4377 1337 4414 sane
1351 4363 1449 4427 arrfidue

304 4451 430 4502 modestus
443 4449 538 4500 docuit
549 4448 640 4502 Thilo.
