3212 5042
596 430 838 476 ruonuuourma.
1244 405 1285 474 25

227 599 388 672 Quaerenti
422 605 520 660 antem
555 599 633 659 nude
661 605 909 664 commentatores
943 599 1055 679 nostri,
1091 618 1165 678 quos
1193 602 1285 680 ipsius

143 709 245 782 poetae
269 701 422 782 exemplar
446 702 489 763 161
513 702 566 762 ‘ex
589 702 676 762 domo
700 701 885 782 familiaque’
910 701 983 764 Geli.
1007 698 1082 766 121
1107 704 1170 765 eius
1193 703 1285 766 libros
1342 781 1343 784 Ἴ

144 805 264 866 volvisse
287 807 335 867 vix
358 807 513 884 quisquam
538 804 595 866 sihi
616 805 823 884 persuadebit,
848 805 896 870 illa
920 807 1099 886 acceperint,
1130 825 1189 870 nou
1213 807 1285 868 nihil

143 908 236 970 habeo
260 907 400 986 equidem
424 908 502 986 quod
526 908 733 987 respondeam.
785 907 986 988 Philargyrius
1014 910 1092 972 enim
1122 909 1158 974 ad
1187 927 1233 988 ge.
1258 911 1285 976 ll
1403 911 1405 916 ’

141 1008 201 1074 332
231 1009 306 1070 haec
345 1009 509 1074 adnotavit:
546 1011 663 1072 ‘Celsus
698 1013 737 1073 ait
765 1015 904 1088 permina
931 1010 1087 1092 reliquisse
1115 1012 1284 1091 VergiIinm.

140 1113 270 1194 loquitur
294 1113 373 1174 enim
396 1113 434 1173 de
456 1115 586 1176 omnium
609 1113 751 1177 arborum
773 1116 844 1178 fetu.
869 1113 949 1180 unde
971 1113 1047 1175 male
1071 1115 1190 1192 quidam
1211 1135 1285 1193 qro-

139 1221 221 1278 mr‘na
243 1215 375 1294 legunt'
425 1217 511 1296 Atqui
533 1217 570 1279 ad
592 1234 638 1296 ge.
663 1216 700 1277 lv
725 1215 750 1276 1-
771 1217 851 1278 idem
874 1215 961 1278 haec:
997 1219 1159 1280 ‘caelestia
1190 1222 1282 1295 dono,

140 1321 199 1380 sive
223 1317 303 1396 quod
327 1318 458 1398 luppiter
487 1319 574 1380 melle
602 1321 733 1381 nutritus
762 1322 800 1381 sit
827 1321 857 1380 in
884 1318 980 1382 insula
1003 1319 1089 1382 Creta
1116 1323 1177 1382 sive
1206 1323 1283 1400 quod

139 1425 169 1484 in
191 1429 262 1484 aare
286 1423 480 1502 concipiatur.
503 1441 581 1492 nam,
606 1430 638 1484 ut
660 1423 699 1484 ait
716 1425 869 1486 Cornelius
885 1426 993 1494 Celsus,
1018 1442 1089 1503 apes
1112 1443 1146 1486 ex
1163 1423 1286 1486 ssorihus

140 1545 223 1589 ceras
246 1525 367 1594 iaciunt,
393 1543 428 1584 ex
450 1543 520 1584 rore
542 1527 685 1586 matutino
709 1525 796 1586 mel’
847 1525 899 1587 His
922 1533 1020 1590 autem
1048 1534 1130 1588 recte
1152 1526 1287 1606 intellegi

138 1630 173 1693 A.
193 1630 365 1690 Cornelium
382 1630 506 1702 Celsum,
532 1627 682 1689 rhetorem
707 1635 736 1688 61
758 1627 966 1708 philosophum
982 1631 1148 1708 imperante
1163 1628 1286 1694 'liberio

141 1732 186 1811 (cl.
203 1733 254 1795 Fr.
271 1731 404 1792 Ritterus
425 1731 456 1791 in
472 1729 565 1808 Iahnii
588 1728 694 1792 annali.
717 1719 830 1811 philoll.
851 1729 931 1794 1843
941 1731 1090 1795 ,XXXVIII
1104 1751 1132 1812 p.
1151 1729 1194 1794 54
1209 1731 1284 1812 sqq.)

140 1835 382 1903 nobilissimum,
403 1832 647 1912 encyclopaediae
670 1836 846 1920 scrIptcrem
871 1834 917 1912 (el.
936 1836 970 1897 0.
986 1835 1107 1898 Iahnius
1131 1854 1285 1896 commen·

140 1945 199 1999 tatt.
226 1955 288 1998 soc.
313 1931 500 2017 lips-1850
521 1954 549 2015 p.
573 1932 636 1997 273
651 1936 738 2018 sqq),
764 1957 820 2017 qua
843 1946 962 2017 praeter
985 1943 1085 1999 cetera
1106 1934 1284 1999 rhetoricam

140 2047 232 2101 artem
250 2044 279 2100 61
295 2041 425 2120 quinque
447 2037 532 2099 libris
553 2044 646 2100 totum
662 2058 772 2119 corpus
787 2039 960 2121 disciplinae
983 2041 1113 2100 rusticae
1130 2040 1285 2120 amplexus

139 2149 191 2212 est,
210 2150 244 2203 ut
256 2140 419 2205 Columella
431 2141 467 2202 de
479 2160 512 2202 re
525 2160 550 2201 r.
564 2142 577 2202 I
591 2140 618 2210 1,
634 2139 673 2202 12
685 2143 788 2213 tradit,
809 2143 899 2204 huius
916 2143 1009 2223 ipsius
1026 2143 1197 2204 testimonio
1216 2161 1284 2222 pro·

139 2245 238 2313 hatur,
270 2245 322 2323 qui
343 2243 382 2304 IX
406 2239 447 2303 14
473 2241 525 2304 ubi
554 2243 590 2303 de
620 2243 708 2304 melle
731 2243 768 2305 ab
791 2243 896 2326 apibus
925 2251 1030 2324 parato
1059 2244 1205 2323 disputat,
1240 2252 1285 2306 ter

140 2346 268 2408 eundern
303 2345 422 2408 Celsum
442 2337 607 2406 'auctorem
640 2346 744 2408 laudet
777 2356 806 2409 61
843 2350 874 2407 in
908 2353 1042 2408 extremo
1081 2348 1177 2425 capite
1212 2347 1285 2410 haec
1357 2369 1359 2374 ·

140 2450 309 2528 scripserit:
334 2448 491 2525 ‘idemque
514 2449 612 2509 aiter
635 2447 759 2510 floribus
783 2468 866 2512 ceras
889 2451 962 2520 fleri,
988 2468 1023 2509 cx
1047 2450 1192 2510 matutino
1215 2469 1285 2512 rore

139 2551 254 2614 meila'
300 2551 338 2612 Et
359 2551 416 2612 hoo
439 2549 559 2629 quidem
576 2550 751 2634 Philargyrii
773 2552 839 2614 loco
861 2558 981 2631 praeter
998 2551 1047 2612 Fr.
1064 2551 1212 2614 Ritterum
1228 2551 1247 2612 l.
1265 2552 1283 2614 l.

140 2674 166 2733 p.
190 2650 232 2716 65
256 2654 325 2716 0116
348 2653 467 2714 Iahnius
490 2670 609 2732 quoque
631 2653 765 2733 prolegg.
788 2657 819 2715 in
835 2655 918 2732 Pers
944 2674 971 2734 p.
989 2653 1127 2714 CXLVIII
1150 2654 1286 2715 concedit

140 2756 286 2818 medicum
316 2763 346 2815 et
371 2753 580 2834 philosophum
610 2754 694 2817 illurn
723 2755 852 2826 laudari,
884 2755 935 2816 sed
964 2755 1043 2816 idern
1072 2756 1235 2834 Suringaro
1259 2757 1285 2818 Il

142 2855 199 2920 165
222 2855 408 2936 adstipulans
430 2857 546 2936 putanti
569 2871 636 2918 eum
658 2861 724 2938 ipso
752 2858 888 2938 pleniore
912 2857 1042 2920 Cornelii
1065 2857 1142 2920 Celsi
1165 2859 1285 2919 nomine

140 2961 267 3022 discerni
291 2959 327 3020 ah
351 2958 444 3020 altero
467 2961 674 3038 grammatico,
705 2962 807 3038 quiin
831 2959 1006 3038 Vergilianis
1030 2959 1149 3022 scholiis
1173 2959 1284 3038 simpli-

141 3066 213 3124 citer
237 3061 357 3130 Celsus,
386 3081 402 3122 a
425 3061 559 3123 Charisio
587 3082 616 3142 p.
644 3061 704 3124 196
727 3063 757 3124 P.
782 3064 942 3124 Arruntius
965 3061 1085 3131 Celsus,
1118 3061 1182 3123 aliis
1212 3061 1285 3122 lociS

140 3165 226 3226 modo
243 3164 402 3225 Arruntius
425 3163 512 3224 modo
529 3164 634 3226 Celsus
657 3163 831 3244 appelletur.
877 3167 913 3224 At
935 3166 1064 3243 primum
1081 3163 1159 3244 quod
1176 3165 1284 3224 ceteris
1318 3223 1326 3244 ,

142 3267 213 3328 locis
242 3265 419 3344 simpliciter
441 3265 544 3327 Celsus
573 3265 737 3347 appellatus
761 3266 914 3327 Cornelius
937 3265 1054 3328 Celsus*
1068 3266 1202 3344 pleniore
1231 3285 1283 3325 no·

140 3373 219 3454 mina
242 3369 363 3447 inipso
386 3369 483 3446 quarti
505 3367 574 3429 lihri
595 3371 679 3440 initio
703 3368 811 3430 dieitur
833 3369 942 3429 mirum
964 3387 1025 3428 non
1049 3373 1102 3438 est,
1132 3366 1183 3428 ubi
1207 3367 1282 3429 sole·

139 3472 208 3534 hant
230 3473 261 3532 in
286 3471 474 3550 excerpendo
496 3471 585 3550 paulo
608 3470 811 3549 diligentiores
835 3489 910 3532 esse.
956 3471 1113 3532 Praeterea
1136 3488 1207 3532 vero
1229 3472 1282 3533 Ar·

140 3576 254 3636 runtius
270 3575 336 3642 iste,
354 3573 384 3634 C.
396 3571 470 3634 Iulio
482 3573 615 3634 Romano
633 3575 782 3653 antiquior
797 3575 1014 3652 grammaticus
1029 3573 1104 3654 apud
1118 3573 1283 3635 Charisium

139 3697 166 3755 p.
184 3674 254 3738 180.
274 3672 344 3736 191.
365 3671 424 3737 196
440 3676 471 3737 P.
490 3676 620 3754 singulas
637 3676 755 3738 voculas
779 3676 886 3736 ‘ilicet’
904 3677 1039 3756 ‘pariter’
1063 3679 1152 3736 ‘tuto'
1176 3694 1211 3736 ex
1226 3694 1280 3737 un·

138 3779 253 3840 decimo
277 3777 416 3840 Aeneidis
444 3785 601 3857 excerptas
624 3787 657 3839 ut
683 3779 740 3839 alia
770 3780 943 3857 antiquioris
971 3778 1119 3839 sermonis
1148 3777 1284 3839 adverbia

138 3881 214 3962 apud
239 3882 370 3941 comicos
393 3881 521 3941 maxime
545 3890 649 3960 poetas
669 3881 756 3942 olevia
780 3880 818 3960 (p.
845 3877 905 3942 185
927 3882 1087 3941 ‘nimium’
1119 3877 1282 3958 18916111-

139 3986 265 4045 rimum’
291 3979 352 4043 190
375 3981 525 4062 ‘perdite'
556 3979 615 4045 197
646 3987 711 4044 ‘ut’
741 4003 796 4063 pro
816 3983 985 4052 *‘utinam',
1016 3980 1185 4060 *viciniae'l
1215 3981 1283 4042 bre·

141 4088 256 4148 vissime
289 4083 430 4164 eiplicat,
467 4103 602 4166 quaeque
638 4087 742 4146 ecdem
773 4093 893 4147 auctore
929 4093 957 4145 et
986 4085 1118 4145 Donatus
1149 4085 1184 4145 ad
1214 4065 1282 4145 Ter.

139 4187 257 4248 Phorm.
283 4183 345 4256 12,
369 4183 411 4248 32
434 4187 471 4248 de
493 4187 576 4248 verbi
600 4189 744 4248 ‘ardere'
768 4189 845 4267 apud
869 4189 1004 4267 antiquos
1027 4205 1082 4247 usn
1106 4193 1135 4246 et
1156 4187 1281 4247 Priscia-

138 4307 193 4350 nus
216 4309 245 4368 p.
271 4285 343 4349 607.
367 4286 439 4350 644.
464 4287 535 4350 680.
561 4287 631 4351 708.
658 4287 728 4351 774.
754 4287 824 4351 876.
849 4286 920 4350 962.
947 4286 1027 4352 1347
1051 4289 1082 4349 Ρ.
1114 4287 1150 4347 de
1174 4288 1282 4348 ‘citer’

139 4391 286 4460 adverbio,
310 4390 348 4450 de
363 4393 540 4470 pronomine
563 4394 686 4461 ‘mins',
702 4393 746 4472 de
764 4394 911 4463 sestertio,
935 4391 972 4452 de
989 4389 1130 4452 vocabulo
1153 4393 1252 4468 ‘capis
1262 4395 1281 4459 ²,

139 4493 173 4552 de
198 4494 253 4554 1161
276 4494 397 4554 nomine
420 4492 529 4564 ‘Cimt
554 4493 591 4556 de
614 4494 822 4558 emblematum
847 4501 1043 4556 toreumatum
1066 4492 1280 4575 peripetasma·
