3276 5050
306 390 348 458 74
753 417 998 462 ruouudouuuA.

305 583 423 646 schedis
445 585 532 645 amici
552 583 709 663 reliquisse
731 585 854 666 putandi
869 594 947 657 sunt,
971 587 1098 650 edidisse
1120 589 1198 667 quod
1214 590 1246 650 in
1260 589 1340 651 illius
1355 593 1450 652 vicem

305 685 398 747 multo
420 685 537 748 felicius
565 687 721 748 effinxerat
753 691 803 749 ‘et
832 691 945 768 magnis
975 692 1112 770 quatiunt
1141 691 1331 769 clangoribus
1359 692 1449 755 alas’.

306 787 401 850 Simili
429 791 546 851 ratione
569 789 607 850 de
629 808 654 850 v.
678 787 756 862 595,
791 793 875 852 cuius
902 791 968 853 loco
990 811 1017 854 v.
1040 789 1103 856 603
1131 795 1280 872 iungitur,
1313 796 1448 857 iudicavi.

305 893 418 953 Versus
443 888 504 954 128
527 909 570 972 sq.
596 877 714 972 quoque
736 892 877 954 secundis
899 895 980 956 curis
1003 896 1061 957 orti
1091 903 1121 956 et
1148 915 1164 956 a
1186 898 1321 976 margine
1342 899 1374 958 in
1396 897 1449 958 ial-

304 1013 370 1058 sum
393 1001 492 1054 textus
513 992 612 1056 locum
633 997 740 1056 inserti
762 1014 830 1057 esse
858 1004 992 1076 possunt.
1043 997 1109 1059 Non
1138 1006 1235 1060 autern
1259 997 1449 1079 displicuisse

305 1096 415 1158 criticis
443 1095 596 1158 tibicinem
623 1093 686 1160 256
721 1099 918 1180 ‘nostraeque
945 1100 1056 1162 iniuria
1083 1099 1199 1162 caedis'
1232 1100 1343 1162 miror:
1376 1102 1450 1164 mihi

304 1198 461 1260 durissime
483 1199 640 1261 coniuncta
663 1200 798 1262 videntur
819 1201 914 1264 tames
937 1209 967 1262 et
987 1203 1094 1264 iniuria
1117 1201 1226 1273 caedis,
1250 1220 1326 1281 quae
1348 1203 1449 1266 ‘amb-

305 1320 372 1363 esas
394 1301 512 1380 subigat
534 1301 620 1364 malis
642 1301 800 1364 absumere
822 1309 970 1366 mensas'.

387 1403 589 1485 inperfectum
618 1403 655 1465 de
685 1404 770 1466 donis
799 1405 835 1466 ab
862 1406 1069 1468 Andromacha
1092 1408 1217 1469 Ascanio
1246 1407 1322 1468 datis
1350 1407 1450 1471 locum

304 1525 370 1568 esse
393 1513 517 1587 propter
539 1507 629 1569 verba
651 1508 770 1587 ‘accipe
792 1515 822 1568 et
842 1507 933 1570 haec’
958 1528 983 1570 v.
999 1505 1071 1579 486,
1097 1527 1173 1587 quae
1188 1511 1316 1591 antiquis
1331 1527 1449 1592 quoque

303 1607 517 1689 interpretibus
550 1608 764 1671 dubitationem
793 1618 949 1672 moverunt
981 1610 1056 1694 (vide
1084 1611 1248 1690 Servium),
1282 1611 1449 1691 Wagnerus

304 1713 433 1782 censuit,
470 1718 500 1771 et
521 1711 634 1791 lleynio
664 1711 880 1792 displicuerunt
907 1714 980 1775 ‘nec
1008 1713 1087 1774 cedit
1114 1713 1247 1774 honore'
1276 1732 1303 1776 v.
1326 1711 1391 1776 484
1419 1722 1449 1776 et

304 1813 534 1892 ‘textilibusque
557 1820 662 1876 onerat
690 1814 794 1875 douis'
825 1834 851 1874 v.
875 1811 939 1878 485
966 1814 1160 1878 hemistichia.
1205 1818 1242 1878 At
1271 1834 1373 1878 corum
1396 1817 1448 1878 do·

305 1935 426 1986 norum,
461 1935 537 1996 quae
558 1915 688 1977 Helenus
712 1916 747 1978 ad
770 1919 854 1979 navis
876 1919 950 1980 ferri
971 1920 1116 1987 iusserat,
1149 1919 1308 1979 Ascanium
1332 1938 1450 1999 quoqne

305 2021 480 2100 participem
508 2020 601 2081 luisse
629 2025 865 2082 cousentaneum
894 2028 967 2083 erat.
1018 2021 1154 2082 Potuisse
1185 2027 1259 2083 ‘nec
1289 2021 1367 2083 cedit
1396 2022 1448 2083 ho·

303 2124 387 2184 nori'
412 2122 455 2182 vcl
479 2121 629 2183 ‘honore’
653 2123 748 2185 omitti
764 2142 866 2185 verum
883 2131 942 2193 est;
966 2129 1085 2204 poterat
1106 2124 1242 2203 prolecto
1257 2131 1345 2203 poeta
1361 2125 1450 2185 etiam

303 2225 417 2287 textilia
439 2224 517 2286 dona
540 2226 689 2287 omittere.
720 2225 777 2286 Sed
793 2226 866 2286 mihi
881 2205 960 2288 baed
976 2228 1041 2305 ipsa
1063 2227 1165 2286 nescio
1188 2225 1260 2302 quid
1283 2225 1449 2286 dulcedinis

305 2327 417 2390 habere
441 2326 595 2388 videntur:
625 2347 694 2389 narn
722 2335 755 2390 ut
783 2328 873 2390 verba
896 2346 972 2406 quae
995 2313 1137 2390 secuntur
1159 2326 1382 2389 Andromachae
1405 2335 1448 2387 te·

304 2431 435 2492 uerrima
463 2437 546 2500 sunt,
575 2431 615 2492 ita
643 2430 789 2493 donorum
813 2448 941 2510 quoque,
966 2447 1041 2508 quae
1063 2446 1204 2490 manuum
1225 2430 1320 2509 ipsius
1342 2447 1446 2490 monu-

304 2540 401 2594 menta
425 2531 492 2604 sini,
516 2531 695 2594 abundantia
716 2535 764 2593 vix
786 2533 845 2594 sibi
866 2535 960 2612 ipsam
983 2531 1175 2594 satisfacere
1197 2549 1287 2610 posse
1308 2550 1369 2592 non
1384 2533 1448 2593 siue

307 2635 410 2715 lepore
433 2633 561 2712 quodam
584 2636 728 2714 significat
749 2642 845 2715 poeta.

389 2737 494 2798 Verius
517 2737 596 2814 quod
618 2732 832 2816 Peerlkampus
854 2757 898 2798 vv.
914 2733 978 2798 470
992 2755 1036 2817 sq.
1062 2737 1249 2816 vituperavit:
1274 2754 1308 2796 ac
1323 2745 1449 2816 possunt

303 2839 387 2902 facile
410 2838 583 2901 desiderari.
628 2839 737 2900 Contra
760 2839 838 2917 quud
863 2845 1023 2916 sequentes
1049 2855 1167 2921 quoque
1191 2856 1294 2899 versus
1316 2835 1379 2900 472
1403 2856 1446 2916 sq.

304 2941 397 3002 deleri
420 2939 512 3002 voluit
534 2940 667 3003 Conrads
689 2959 717 3020 p.
743 2940 854 3012 XXVll,
879 2940 1002 3003 calidior
1024 2942 1095 3002 iuit:
1125 2959 1194 3002 nam
1215 2939 1340 3019 pulchre
1361 2947 1454 3019 poeta¹

303 3044 452 3106 Anchisen
475 3061 639 3123 properare
661 3043 760 3112 finxit,
790 3049 824 3103 ut
852 3043 976 3105 haberet
999 3042 1130 3104 Helenus
1158 3061 1211 3102 cur
1239 3040 1308 3102 huic
1330 3044 1449 3121 potissi·

304 3166 386 3209 mum
408 3153 590 3206 monstraret
611 3146 771 3207 Ausoniam
795 3163 924 3224 eumque
953 3147 1028 3206 viam
1057 3145 1187 3205 doceret.
1232 3125 1301 3204 Nec¹
1323 3146 1449 3205 otiosum

308 3257 372 3311 erat
394 3248 472 3328 quod
500 3246 644 3309 ‘classem
669 3247 740 3309 velis
763 3256 865 3329 aptare
886 3247 1025 3310 iubebat'
1050 3243 1133 3327 (472)
1156 3245 1221 3304 ille:
1259 3263 1327 3306 nam
1351 3248 1402 3324 qui
1425 3265 1450 3306 v.

306 3349 368 3414 357
393 3358 480 3411 vento
502 3349 600 3410 inilavi
622 3349 730 3410 dicitur
759 3351 898 3414 carbasus
924 3350 1043 3410 navium
1072 3365 1277 3427 quaecumque
1304 3347 1335 3406 in
1362 3356 1451 3428 portu

306 3453 490 3514 vehebantur
512 3451 745 3529 intellegendus,
779 3471 838 3530 quo
861 3458 959 3511 tamen
990 3439 1112 3528 aspectu
1134 3449 1248 3510 Aeneas
1275 3455 1308 3509 ut
1335 3451 1450 3529 etipse

309 3557 366 3616 iter
388 3559 508 3634 pararet
530 3547 754 3615 admonebatui.
1099 3551 1105 3567 ⁸

391 3655 454 3718 Alia
476 3673 553 3734 quae
575 3654 734 3734 displicent
756 3655 942 3716 emendando
972 3653 1077 3714 tollere
1098 3651 1208 3714 licebit.
1260 3653 1333 3714 Nam
1357 3655 1450 3714 mani·

308 3760 418 3820 festum
441 3778 467 3817 v.
491 3754 555 3819 230
576 3755 868 3837 interpolamentum,
892 3758 944 3838 qui
965 3765 999 3817 ut
1020 3757 1149 3835 scriptus
1170 3756 1201 3815 in
1224 3757 1344 3835 optimis
1365 3755 1451 3816 libris

307 3867 386 3922 extat
408 3878 446 3920 ne
467 3867 618 3922 structura
647 3859 764 3938 quidem
795 3879 863 3920 cum
892 3847 1138 3920 antecedentibus
1165 3860 1367 3919 conformatus
1395 3865 1448 3918 est.
1481 3851 1485 3856 ’

308 3962 464 4040 Languere
487 3961 644 4022 admodum
678 3964 772 4024 sentio
796 3981 820 4020 v.
843 3957 922 4031 262;
958 3963 1057 4041 inepta
1090 3968 1119 4022 et
1151 3959 1252 4022 multis
1284 3959 1453 4022 nominibus

305 4072 443 4144 suspecta
472 4083 539 4125 esse
566 4061 629 4124 690
656 4081 699 4142 sq.
729 4066 801 4125 satis
828 4064 1041 4126 demonstravit
1069 4063 1245 4142 Wagnerus.
1297 4062 1451 4124 'Consentit

306 4185 374 4226 cum
396 4165 453 4226 hoc
474 4165 689 4246 Peerlkampus
711 4166 748 4227 de
772 4165 1001 4246 transponendis
1024 4173 1092 4226 aute
1114 4184 1140 4226 v.
1168 4160 1334 4225 124-127
1357 4165 1449 4224 versi·

305 4268 361 4330 bus
379 4265 438 4329 128
454 4285 510 4346 sq,
534 4275 564 4330 et
578 4270 662 4330 initio
685 4270 880 4348 navigationis
903 4269 1063 4330 clamorem
1086 4269 1197 4328 exoriri
1220 4267 1371 4328 nauticum
1387 4267 1451 4342 qui·

306 4372 349 4432 vis
377 4370 531 4432 concedet.
578 4371 725 4432 Dilleruut
754 4372 790 4432 de
820 4369 883 4432 solo
911 4389 937 4430 v.
969 4368 1030 4432 130
1058 4369 1244 4438 collocando,
1280 4385 1369 4445 quem
1397 4385 1452 4446 ego

307 4472 399 4536 malui
421 4491 488 4535 cum
511 4475 620 4536 Batavo
643 4493 698 4536 suo
727 4473 793 4535 loco
822 4481 889 4535 ante
912 4491 938 4532 v.
964 4469 1023 4534 131
1051 4471 1236 4551 relinquere,
1266 4471 1333 4550 quia
1360 4471 1452 4530 trium
