3276 5050
628 373 873 419 uuonudouuun.

383 567 468 624 ecqua
492 557 581 606 tamen
604 555 719 623 puerost
741 548 858 606 amissae
880 565 945 606 eura
966 549 1108 624 parentis?

382 635 480 708 ecquid
501 636 529 691 in
552 637 690 709 antiquam
713 636 841 691 virtutem
863 636 1023 710 animosque
1044 633 1131 692 virdis

384 728 412 776 ct
433 727 512 794 pater
533 721 639 778 Aeneas
662 728 690 778 et
711 719 858 778 avonculus
882 723 980 778 excitat
1001 720 1119 778 Hectori

179 959 290 1017 tionem
325 955 505 1017 hemistichii
537 962 683 1036 quotquot
718 954 857 1035 supplere
889 958 987 1016 conati
1019 963 1089 1018 sunt
1119 955 1327 1036 praetulerunt

179 1057 357 1121 schedarum
382 1059 588 1120 vaticanorum
610 1056 857 1135 reliquorumque
879 1056 1024 1126 librorum
1049 1057 1174 1140 (Fyobc)
1198 1059 1325 1138 scriptu·

179 1179 244 1222 ram
267 1178 354 1238 quem
380 1159 424 1221 illi
452 1177 539 1236 quoe.
597 1159 629 1220 ln
659 1158 768 1237 quibus
796 1177 831 1219 ex
855 1160 1031 1237 antiquioris
1054 1162 1156 1222 aetatis
1178 1177 1325 1239 gramma-

178 1264 247 1324 ticis
282 1264 338 1324 suit
373 1263 461 1324 etiam
491 1261 630 1324 Claudius
660 1261 821 1332 Sacerdos,
856 1262 906 1340 qui
929 1261 1083 1341 ‘ellipsin'
1106 1280 1194 1341 quam
1225 1264 1327 1324 statuit

179 1363 388 1427 subaudiendo
416 1363 507 1425 verbo
531 1364 648 1425 ‘dedit'
673 1363 821 1444 explicare
843 1382 903 1426 non
926 1365 1015 1424 nimis
1036 1365 1172 1443 proiecto
1200 1365 1326 1426 feliciter

178 1469 210 1528 in
248 1467 380 1528 animum
413 1465 573 1527 induxerit.
631 1465 780 1545 Quidquid
810 1472 908 1527 autem
942 1465 1092 1527 addideris
1126 1467 1163 1528 do
1190 1469 1323 1537 Ascanio,

179 1571 307 1630 otiosum
331 1585 397 1628 esse
421 1569 517 1628 sentio
542 1575 607 1647 post
629 1569 895 1646 interrogationem
919 1566 999 1628 illam
1022 1568 1112 1646 ‘quid
1140 1587 1215 1648 puer
1236 1570 1324 1631 Asca·

178 1673 267 1733 nius?
291 1669 490 1750 superatnci'
518 1669 621 1750 ltaque
634 1671 728 1731 maior
744 1669 880 1731 habenda
892 1669 966 1732 lidos
977 1669 1101 1730 Medicei
1116 1669 1185 1732 libri
1202 1674 1324 1742 auctori,

179 1775 233 1852 qui
245 1772 365 1851 qualem
376 1770 498 1848 reliquit
508 1780 596 1850 poeta
606 1771 743 1834 lacunam
755 1789 874 1832 servare
893 1789 980 1849 quam
993 1774 1055 1834 suis
1067 1775 1242 1834 commentis
1258 1793 1324 1834 cor·

179 1893 320 1954 rumpere
338 1891 443 1954 poema
461 1873 608 1935 maluerit.
642 1873 735 1945 Quem
750 1875 800 1954 qui
816 1882 936 1936 secutus
955 1882 999 1936 est
1011 1875 1178 1954 Wagnerus
1191 1882 1274 1937 recte
1287 1876 1323 1936 ad

180 1979 323 2039 Creusam
346 1975 552 2038 antecedentia
575 1993 694 2056 quoque
717 1979 765 2036 ‘et
788 1977 915 2038 vescitur
937 1978 1046 2039 aurai'
1074 1977 1204 2049 rettulit,
1229 1979 1322 2040 idern·
1411 2044 1413 2048 ,

178 2086 342 2160 querceto
364 2081 495 2149 monuit,
524 2097 584 2139 non
608 2097 675 2141 esse
698 2078 875 2140 ‘verisimile
898 2079 1038 2141 Creusam
1062 2081 1179 2142 aliinem
1204 2079 1324 2141 silentio

178 2183 337 2264 praeteriri
363 2181 400 2242 ab
424 2180 658 2242 Andromacha'.
713 2179 807 2241 lmmo
833 2182 913 2244 inter
940 2181 1061 2262 pavidas
1088 2189 1214 2253 matres,
1250 2202 1325 2262 quas

178 2285 268 2362 longo
297 2283 402 2346 ordine
431 2284 659 2344 circumstantes
686 2285 717 2344 in
745 2301 814 2344 arce
842 2283 952 2344 Priami
985 2283 1107 2344 rediens
1134 2285 1166 2344 in
1194 2283 1343 2345 ductam.

178 2389 285 2449 urbem
323 2387 437 2448 Aeneas
476 2392 673 2466 conspexerat
712 2385 747 2467 (ll
788 2382 882 2463 765),
924 2404 1046 2464 prorsus
1079 2384 1234 2465 probabile
1281 2394 1326 2448 est

181 2481 270 2551 etiarn
297 2487 525 2550 Andromachen
556 2489 699 2568 captivam
728 2487 835 2568 Pyrrhi
862 2488 952 2549 fuisse
987 2496 1017 2548 ct
1045 2487 1163 2549 audisse
1191 2489 1326 2550 vocantis

179 2611 234 2672 per
256 2593 318 2652 vias
340 2591 479 2650 amissam
509 2591 665 2667 coniugem
694 2588 840 2652 clamores
868 2590 903 2669 (ll
926 2587 988 2652 769
1010 2588 1076 2670 sq).
1133 2589 1190 2660 Qui
1223 2598 1326 2652 utrum

182 2694 346 2772 reperisset
367 2691 487 2752 tandem
510 2709 598 2770 quarn
621 2694 703 2754 ‘sine
718 2693 777 2754 irnc
792 2695 903 2754 ruens'
926 2711 981 2772 per
1001 2699 1078 2754 tecta
1102 2699 1131 2753 et
1152 2693 1213 2753 vias
1236 2711 1325 2773 quae·

180 2799 267 2858 sisset
284 2812 388 2864 necne,
413 2795 550 2873 quoniam
568 2801 638 2854 tunc
660 2813 720 2855 non
743 2797 889 2874 cognovit,
915 2796 972 2856 iarn
987 2796 1162 2856 resuscitata
1184 2796 1324 2856 funestis·

180 2899 247 2958 simi
269 2897 329 2958 diei
351 2897 495 2958 memoria
517 2895 597 2975 quod
618 2898 790 2976 interrogat,
815 2897 886 2976 quid
908 2899 1001 2976 magis
1017 2895 1062 2956 vel
1078 2915 1177 2957 mores
1193 2896 1326 2958 mulieris

181 2999 226 3060 vel
248 2999 342 3060 altinis
364 2997 601 3058 benevolentiam
624 2997 766 3059 decebat?
815 2999 876 3059 lam
900 2999 977 3077 quod
1000 3001 1064 3080 ipse
1086 3007 1173 3077 poeta
1197 2998 1323 3068 divinus,

180 3121 247 3162 eum
271 3102 404 3178 quamvis
427 3099 507 3162 lente
534 3101 732 3180 progrediens
760 3101 857 3180 primo
886 3103 1041 3163 conamine
1071 3119 1176 3161 versus
1205 3099 1324 3161 schedis

178 3195 395 3271 committeret,
424 3203 565 3283 supplere
588 3222 677 3264 ausus
700 3221 760 3264 non
783 3209 842 3272 cst,
871 3203 1010 3282 supplere
1038 3209 1159 3264 nostrae
1187 3204 1324 3282 proiecto

180 3306 318 3367 ruditatis
341 3305 462 3365 minime
486 3313 539 3366 est.
585 3305 643 3366 Sed
667 3304 784 3384 qualem
806 3292 991 3366 sententiam
1012 3306 1185 3382 cogitaverit
1219 3313 1252 3366 ut
1279 3307 1324 3366 in-

180 3405 399 3486 tellegeremus,
422 3407 494 3468 lecit
516 3406 634 3468 elimato
657 3425 744 3468 versu
760 3403 821 3468 341
844 3410 950 3486 ‘ecqua
971 3413 1070 3468 tamen
1093 3414 1217 3486 puerost
1238 3407 1325 3468 amis·

181 3527 231 3571 sac
253 3527 325 3570 cura
347 3510 515 3587 parentisi'
546 3509 630 3571 Unde
653 3517 784 3588 apparet,
809 3509 846 3568 de
868 3509 976 3568 amissa
998 3527 1055 3568 nec
1076 3516 1197 3588 reperta
1219 3528 1324 3570 rursus

179 3613 290 3674 Creusa
302 3610 434 3680 eandem,
450 3628 525 3688 quae
537 3612 626 3672 modo
638 3611 668 3672 id
679 3613 777 3691 ipsum
788 3613 1032 3688 interrogaverat,
1048 3612 1324 3673 certioremiactam

180 3732 256 3776 esse.
281 3713 342 3774 lam
356 3720 513 3791 postquam
529 3715 573 3774 sio
588 3714 652 3774 lere
667 3716 916 3792 interrogaverat:
933 3713 980 3773 ‘et
996 3713 1124 3774 vescitur
1139 3732 1220 3785 aura,
1246 3731 1323 3792 quae

182 3815 236 3876 tibi
257 3817 314 3876 iam
338 3814 428 3875 Troia
451 3833 572 3894 egresso
595 3817 702 3876 amissa
725 3823 754 3876 et
776 3823 858 3876 tanto
881 3814 979 3876 studio
1002 3816 1134 3894 quaesita
1159 3817 1241 3877 esti’
1266 3815 1325 3894 (hic

181 3925 280 3981 autem
304 3925 333 3978 ct
355 3919 526 3996 quaerentis
549 3919 726 3979 anxietatem
754 3919 957 3979 commisereri
986 3923 1015 3977 et
1042 3919 1214 3996 rapinarum
1243 3917 1323 3979 illius

180 4021 277 4082 noctis
304 4021 479 4105 memoriam
506 4039 651 4082 renovare
679 4020 819 4100 poterat),
854 4037 975 4080 necesse
1003 4028 1048 4081 est
1069 4020 1198 4082 Aeneam
1226 4020 1324 4098 aliquo

181 4121 271 4184 modo
293 4124 354 4182 sive
376 4120 475 4182 verbis
499 4123 559 4183 sive
582 4125 666 4202 signo
689 4121 821 4202 quolibet
842 4122 1042 4201 respondisse,
1066 4121 1194 4201 denique
1209 4121 1323 4184 Andro·
1404 4180 1407 4190 Α

185 4223 311 4285 macheu
342 4225 428 4302 pueri
454 4231 550 4285 matre
580 4223 676 4286 orbati
705 4232 816 4286 sortem
849 4231 952 4285 tenere
981 4225 1218 4286 commiseratam
1248 4242 1322 4294 esse,

181 4326 289 4407 quibus
310 4325 397 4387 lacile
420 4326 488 4388 addi
510 4333 647 4404 poterant
669 4345 744 4406 quae
767 4345 783 4386 a
805 4346 831 4388 v.
854 4326 923 4387 inde
946 4323 1006 4388 341
1031 4328 1203 4404 interrogat.

265 4428 345 4490 Haec
362 4435 460 4490 autern
480 4431 578 4490 culnia
596 4435 628 4489 ut
643 4427 730 4490 claris
747 4435 776 4489 et
793 4429 889 4510 plenis
900 4428 999 4490 verbis
1016 4429 1241 4490 enuntiarentur
1253 4428 1324 4489 boni
