3276 5050
310 392 350 459 16
755 411 1002 458 rsonaeoueus.

307 581 370 646 283
401 583 591 662 ‘mediosque
615 581 728 658 suanm
750 585 880 645 tenuisse
906 601 963 661 per-
983 583 1105 645 hostis’.
1156 583 1252 646 Tenet
1273 585 1365 662 igitur
1388 603 1456 647 cur-

306 705 373 748 sum
396 687 448 764 qui
469 686 588 746 firmum
611 684 727 745 obtinet
749 693 780 745 et
801 687 1002 766 persequitur.

391 788 452 849 lam
475 787 640 848 sententiae
662 785 799 848 habenda
822 794 868 848 est
888 789 974 858 ratio,
999 806 1075 868 quae
1097 795 1175 850 vetat
1203 808 1241 850 ne
1269 791 1450 868 ‘utramque

306 893 401 953 oiam'
430 898 568 968 putemus
596 908 659 951 esse
683 889 810 971 Scyllam
838 897 867 951 et
889 889 1067 972 Charybdin.
1113 892 1245 964 Quarum
1274 899 1378 954 neutra
1408 894 1454 954 via

307 995 429 1056 omnino
452 994 584 1073 quamvis
611 993 787 1053 tenuissImo
817 994 922 1054 mortis
950 993 1122 1056 discrimine
1152 1001 1213 1065 est,
1246 996 1297 1056 sed
1327 1003 1454 1074 utraque

307 1115 388 1157 mors
411 1097 475 1175 ipsa
497 1095 671 1156 certissima.
711 1094 764 1154 Via
786 1095 906 1173 quidem
930 1114 988 1156 una
1011 1097 1089 1158 inter
1113 1102 1279 1178 utramque,
1303 1099 1379 1178 pari,
1403 1097 1455 1158 sed

307 1219 343 1260 eo
366 1200 488 1260 minimo
511 1197 548 1258 ab
571 1196 749 1258 alterautra
772 1197 926 1258 intervallo
951 1200 1083 1260 seiuncta
1106 1199 1234 1277 ideoque
1263 1200 1453 1279 periculosis·

306 1303 380 1363 sima
413 1307 471 1371 est,
509 1317 585 1378 quae
617 1305 718 1360 tamen
750 1300 775 1360 si
808 1307 960 1371 teneatur,
994 1301 1082 1362 modo
1110 1321 1148 1363 ne
1177 1301 1260 1363 laeva
1295 1303 1454 1366 dexterave

306 1404 426 1464 aberret
447 1403 539 1472 navis
563 1403 657 1480 possit
679 1408 742 1462 tuto
764 1405 909 1481 superari.
955 1403 1060 1466 Patent
1081 1410 1181 1465 autem
1204 1406 1266 1466 viae
1289 1405 1364 1475 duae
1387 1405 1453 1475 hae,

307 1514 340 1568 ut
362 1513 413 1567 aut
434 1521 574 1584 prorsum
596 1511 647 1565 aut
669 1509 836 1566 retrorsum
859 1505 921 1567 vela
936 1506 1021 1566 dent:
1046 1525 1144 1585 neque
1161 1508 1240 1568 enim
1256 1506 1452 1568 dubitandum

307 1611 378 1688 quin
400 1610 431 1668 in
455 1606 587 1667 diversas
610 1607 749 1685 regiones
772 1606 926 1668 discedere
949 1609 1098 1686 cogitandi
1113 1611 1182 1689 sint,
1205 1609 1256 1689 qui
1271 1611 1451 1688 praecipites

308 1712 403 1771 ventis
426 1708 565 1770 secundis
588 1707 649 1770 vela
673 1708 832 1770 intendunt
854 1706 926 1791 (682
946 1710 1001 1788 sq.)
1026 1712 1135 1790 quique
1156 1719 1238 1772 retro
1262 1710 1333 1772 dant
1353 1711 1453 1772 lintea.

307 1815 342 1874 Et
358 1812 482 1874 adverso
506 1828 625 1889 quoque
648 1817 736 1872 vento
758 1809 893 1873 velorum
916 1812 1066 1890 quendam
1082 1833 1168 1875 usum
1185 1832 1251 1876 esse
1266 1815 1364 1875 sciunt
1380 1832 1453 1874 nau·
1526 1883 1535 1896 ,

307 1917 433 1976 tioarum
457 1933 558 1975 rerum
582 1932 641 1974 non
664 1912 753 1993 plane
775 1915 915 1994 imperiti.
960 1916 1048 1995 Atqui
1070 1923 1186 1979 Aeneae
1215 1918 1287 1977 socii
1314 1935 1454 1998 prorsum

307 2009 334 2079 si
355 2017 530 2097 pergebant,
553 2017 584 2076 in
601 2015 728 2097 Scyllam
751 2023 838 2096 atque
854 2015 1023 2097 Charybdin
1046 2017 1234 2088 incidebant;
1259 2021 1303 2080 sin
1328 2019 1454 2080 adverso

308 2128 394 2181 vento
423 2119 562 2180 redibant
589 2119 668 2180 unde
696 2125 853 2188 venerant,
882 2119 1045 2180 verendum
1069 2128 1193 2182 eratne
1215 2120 1293 2182 ultro
1317 2123 1453 2200 citroque

306 2224 453 2301 navigare
468 2223 562 2282 coacti
577 2221 614 2281 ad
630 2221 789 2300 Cyelopum
810 2220 881 2282 litus
903 2221 1134 2302 adpellerentur.
1165 2222 1243 2301 Ergo
1267 2222 1303 2282 ab
1326 2231 1454 2308 utraque

307 2331 392 2404 parte
414 2324 508 2386 letum
530 2323 707 2393 minabatur,
732 2343 746 2383 a
770 2342 829 2402 quo
845 2325 928 2384 tenui
944 2323 1116 2385 discrimine
1133 2323 1359 2402 separabantur,
1383 2323 1454 2385 dum
1501 2305 1506 2312 ⁵

306 2429 385 2488 inter
407 2433 564 2505 utramque
587 2427 660 2486 viam
685 2426 791 2504 exiguo
813 2428 904 2487 maris
927 2426 1022 2504 spatio
1045 2445 1078 2486 se
1100 2426 1297 2486 continerent.
1338 2425 1454 2498 Quibus

306 2531 337 2589 in
360 2529 502 2606 angustiis
525 2527 596 2588 dum
619 2535 789 2596 versantur,
820 2545 890 2588 ecce
912 2528 1024 2589 Boreas
1053 2527 1139 2588 adest
1167 2528 1218 2604 qui
1246 2526 1379 2590 secundo
1402 2526 1453 2588 ssa-

228 2680 230 2684 .
308 2633 387 2692 mine
411 2649 499 2691 naves
521 2629 676 2692 meridiem
700 2647 804 2690 versus
826 2629 915 2690 vehit.

392 2731 450 2793 Sed
472 2731 548 2792 haee
570 2750 607 2790 ex
629 2730 738 2792 tradito
753 2750 893 2792 versuum
910 2731 1014 2792 ordine
1030 2731 1096 2792 elici
1112 2731 1194 2793 nulio
1210 2731 1298 2792 modo
1313 2739 1451 2810 possunt,

306 2834 446 2896 facillime
470 2852 539 2896 vero
562 2833 760 2894 restituuntur
775 2835 963 2912 transpositis
978 2832 1095 2895 duobus
1110 2830 1172 2895 686
1188 2841 1218 2894 et
1232 2829 1304 2902 685,
1329 2852 1453 2913 quorum

307 2938 385 2998 hunc
408 2939 473 3016 ipse
496 2942 598 3015 poeta,
629 2937 660 2996 ni
682 2933 785 3006 fallor,
815 2935 953 2998 secundis
980 2937 1060 2996 curis
1088 2936 1119 2997 in
1142 2935 1266 2997 schedas
1288 2935 1376 3013 panio
1401 2953 1453 2995 ne·

307 3040 491 3118 glegentiore
514 3039 663 3117 scriptura
686 3041 863 3100 coniecerat.
894 3038 968 3099 Nam
984 3037 1148 3098 desiderari
1163 3038 1212 3098 hio
1234 3037 1355 3120 quidem
1373 3036 1453 3097 salvo

307 3161 400 3204 sensu
422 3146 529 3220 potest,
554 3141 722 3202 necessaria
746 3159 811 3202 esse
834 3140 948 3220 reliqua
971 3148 1094 3219 propter
1110 3159 1134 3200 v.
1151 3137 1212 3201 687
1236 3141 1324 3200 ‘ecee
1339 3142 1452 3200 autem’

306 3242 520 3322 Peerlkampus
554 3242 708 3304 intellexit.
764 3244 903 3305 Ceterum
936 3259 1038 3302 rernm
1069 3249 1114 3302 est
1141 3240 1219 3320 quod
1242 3240 1454 3302 animadvertit

307 3345 439 3408 Conrads
462 3365 491 3425 p.
515 3345 582 3415 XX,
611 3347 700 3408 nimis
722 3344 885 3407 obscurum
908 3343 1030 3405 voculae
1058 3351 1169 3406 contre
1191 3362 1217 3404 v.
1242 3340 1305 3404 684
1333 3362 1453 3404 sensum

308 3466 383 3509 esse.
431 3447 615 3534 Quamquam
639 3447 688 3508 ille
712 3447 791 3525 quod
808 3447 943 3515 coniecit,
968 3446 1108 3507 secundis
1131 3464 1198 3506 eum
1222 3447 1304 3505 curis
1327 3447 1454 3522 margini

307 3549 445 3610 altevisse
467 3549 601 3610 ‘eertum
625 3557 669 3608 est
691 3548 762 3609 dare
784 3549 873 3608 lintea
896 3553 1007 3617 rotro’‚
1031 3547 1111 3627 quod
1133 3565 1159 3608 v.
1183 3543 1245 3608 683
1268 3547 1375 3608 horum
1397 3549 1454 3608 ‘in-

308 3651 432 3712 tendere
462 3650 526 3711 vela
554 3650 710 3711 secundis'
738 3652 769 3712 in
798 3652 892 3712 vicem
921 3650 1059 3711 substitui
1081 3648 1248 3731 uvoluisset,
1283 3655 1315 3708 ut
1342 3667 1367 3708 r.
1391 3646 1454 3710 686

306 3751 527 3814 hemistichium
557 3753 607 3812 ‘ni
635 3759 756 3813 teneant
786 3754 910 3814 cursus'
940 3750 1140 3832 relinquatur,
1172 3769 1309 3812 versuum
1333 3746 1397 3811 684
1425 3758 1455 3810 et

307 3853 370 3917 685
393 3853 590 3922 difficultates,
615 3854 651 3916 de
674 3855 784 3932 quibus
807 3855 875 3926 dixi,
900 3855 1021 3914 minime
1038 3853 1194 3932 expedivit.
1241 3851 1299 3912 Sed
1322 3851 1454 3912 concedo

307 3956 476 4019 ahsolutum
499 3976 515 4017 a
537 3965 623 4036 poeta
648 3963 742 4018 totum
766 3957 864 4019 locum
887 3975 946 4018 non
970 3973 1047 4016 esse.

391 4058 473 4120 Idem
496 4066 596 4119 tamen
619 4059 726 4120 iniuria
750 4078 778 4138 p.
794 4059 861 4120 XXI
883 4060 993 4120 exitum
1018 4057 1097 4117 tertii
1121 4054 1190 4115 libri
1213 4055 1282 4116 inde
1305 4075 1321 4116 a
1344 4076 1369 4116 v.
1391 4053 1454 4118 688

307 4160 509 4240 reprehendit,
527 4160 607 4239 quod
623 4161 776 4223 uberrimo
792 4169 822 4222 et
837 4161 1047 4222 amoenissimo
1063 4165 1239 4236 argumento
1254 4159 1363 4237 raptim
1384 4177 1453 4237 per-

308 4283 396 4324 curso
412 4265 608 4324 summarium
624 4263 701 4324 exile
715 4266 766 4333 sit,
792 4263 932 4325 secundis
950 4262 1063 4323 seilicet
1078 4261 1157 4322 curis
1173 4259 1306 4323 nondum
1327 4277 1453 4321 exorna-

308 4375 383 4428 tum.
421 4366 487 4427 Non
510 4367 709 4427 consideravit
730 4367 820 4436 iudex
841 4365 901 4435 ille,
927 4365 1032 4426 Didoni
1047 4362 1167 4424 Aenean
1191 4381 1310 4424 errores
1333 4382 1404 4424 suos
1427 4368 1456 4422 et

308 4467 439 4550 pericula
462 4486 594 4538 narrare,
620 4487 678 4529 non
701 4468 729 4529 id
748 4470 844 4546 egisse
860 4473 978 4546 poetam
994 4474 1028 4528 ut
1042 4465 1129 4526 nobis
1143 4483 1335 4528 amoenarum
1352 4483 1453 4526 rerum
