3212 5042
308 383 349 447 38
737 419 740 428 ,
757 409 1001 452 rnoneuounua¹

308 572 337 634 h.
362 591 389 634 e.
413 574 506 652 quieti
529 590 657 653 corpora
679 574 802 636 daturae
826 574 903 654 (nam
927 593 1002 654 quae
1018 587 1124 640 curant
1139 581 1270 642 nondum
1287 585 1456 644 necessario

309 675 406 735 statim
428 676 529 736 lorent
551 675 686 756 corpora)
710 676 852 746 redeunt,
883 679 1001 756 iamque
1023 699 1161 742 reversae
1183 685 1313 761 primum
1337 685 1456 762 quidem

308 777 407 864 sonitu
430 775 562 847 laetiore,
586 796 655 838 mox
679 787 847 840 mussantes
869 782 1121 860 circumstrepunt
1143 801 1219 854 oras,
1243 786 1339 846 donee
1361 789 1391 847 in
1414 786 1455 848 al·

310 896 395 939 reum
417 879 570 956 ingressae
593 881 703 940 sensim
726 879 869 942 silescunt
898 891 927 944 et
955 881 1188 946 obdormiscunt.
1245 887 1325 947 Haec
1355 895 1454 950 autem

309 983 459 1042 communi
498 981 623 1059 quadam
658 981 812 1059 disciplina
847 983 892 1044 rel
927 992 1007 1045 certa
1041 983 1107 1063 lege
1146 987 1184 1048 ah
1217 987 1355 1050 omnihus
1387 988 1454 1060 illis,

309 1099 433 1164 quarum
462 1081 596 1147 laborem
625 1102 669 1144 vv.
693 1080 861 1146 180-183
888 1085 1069 1165 descriptum
1097 1086 1239 1166 legimus,
1274 1088 1362 1151 simul
1391 1091 1455 1152 lieri

309 1191 342 1244 ut
364 1186 545 1263 signiticaret
566 1193 653 1263 poeta
678 1184 912 1264 elegantissimos
935 1205 1040 1250 versus
1062 1189 1183 1251 addidit.
1231 1191 1293 1252 Nec
1322 1201 1366 1252 est
1388 1210 1456 1270 pro·

308 1287 386 1348 lecto
416 1305 469 1347 cur
497 1288 528 1346 in
560 1305 595 1347 eo
623 1287 814 1358 haereamus,
850 1289 927 1368 quod
958 1287 1009 1351 uhi
1036 1291 1166 1352 studium
1195 1300 1225 1354 et
1254 1293 1458 1357 assiduitatem

309 1388 481 1450 describere
508 1389 650 1459 instituit,
682 1407 706 1446 v.
737 1385 799 1450 180
832 1394 927 1452 multa
955 1391 1075 1453 denium
1104 1401 1191 1456 nocte
1221 1394 1315 1456 fessas
1343 1413 1376 1456 se
1405 1395 1457 1456 do·

309 1510 390 1552 mum
418 1492 551 1561 relerre,
582 1489 672 1570 paulo
701 1499 784 1571 post,
813 1493 864 1554 uhi
896 1493 926 1554 id
960 1497 1034 1572 agit,
1064 1503 1097 1557 ut
1125 1496 1229 1557 eodem
1254 1515 1359 1558 omnes
1381 1503 1456 1558 tem·

308 1613 381 1674 pore
404 1601 434 1653 et
455 1594 604 1672 proticisci
627 1601 657 1655 et
678 1594 779 1654 redire
801 1595 915 1666 doceat,
940 1603 1001 1656 tum
1025 1605 1102 1658 tecta
1126 1607 1229 1676 petere
1260 1607 1376 1669 narrat,
1407 1600 1459 1661 ubi

309 1695 462 1758 admonuit
484 1713 588 1772 vesper
612 1693 705 1774 (186).
755 1696 836 1768 Quae
860 1715 897 1756 ne
921 1707 990 1763 sunt
1013 1699 1132 1778 quidem
1157 1699 1287 1761 diversa:
1314 1719 1381 1762 nam
1405 1701 1457 1762 ad·

309 1801 437 1860 monitae
460 1799 524 1858 sine
547 1795 606 1858 ulla
629 1815 711 1858 mora
734 1797 838 1858 relicto
862 1807 947 1877 pastu
977 1799 1057 1860 domi
1080 1800 1185 1862 adesse
1207 1803 1329 1862 minime
1352 1803 1456 1864 dicun·

315 1907 373 1961 tur.
398 1899 587 1961 Grandaevas
602 1905 709 1970 autem,
727 1917 803 1979 quae
826 1901 920 1961 ‘intra
939 1906 1056 1980 saepta'
1080 1910 1264 1972 manserunt,
1288 1906 1381 1983 quieti
1406 1925 1459 1968 no·

229 2011 232 2016 '
312 2009 436 2064 oturnae
460 2010 489 2062 et
510 2003 591 2081 ipsas
613 1999 771 2080 indulgere
794 2021 847 2062 cur
870 2002 994 2064 molesta
1017 2002 1167 2081 diligentia
1190 2007 1347 2066 narretur?

394 2104 436 2164 [le
463 2105 574 2183 apertis
602 2103 757 2164 turbarum
787 2106 927 2183 vestigiis
957 2123 1032 2184 quae
1060 2107 1090 2165 in
1121 2124 1164 2164 vv.
1187 2102 1358 2168 289-294
1386 2107 1458 2170 libri

310 2205 466 2276 exhibent,
497 2213 620 2266 testatus
643 2225 709 2267 sum
733 2207 763 2265 in
792 2205 983 2268 adnotatione
1012 2207 1123 2269 critica.
1177 2207 1279 2286 ltaque
1314 2211 1366 2285 qui
1399 2208 1460 2271 rul-

310 2315 410 2387 gatum
445 2307 580 2368 ordinem
613 2307 781 2385 rudemque
814 2307 924 2388 triplici
958 2316 987 2369 et
1019 2307 1163 2386 particula
1197 2308 1459 2374 adnumeratorum

309 2409 511 2472 membrorum
544 2416 725 2471 structuram
754 2409 928 2480 defendere,
964 2411 1015 2488 qui
1047 2418 1115 2489 post
1149 2415 1375 2488 ‘stagnantem’
1411 2413 1460 2474 Nl-

310 2511 372 2573 lum
411 2507 493 2590 (288)
535 2516 708 2574 ‘ruentem’
746 2531 772 2572 v.
799 2507 880 2582 292,
919 2529 1007 2590 quem
1046 2511 1151 2573 saltem
1187 2512 1363 2574 ‘liuentem'
1402 2514 1460 2576 dici

311 2613 451 2675 debuisse
483 2621 565 2674 recte
599 2613 774 2675 adnotatum
807 2621 866 2682 est,
900 2612 1030 2682 tolerare
1062 2612 1141 2674 volet
1172 2613 1218 2674 vel
1252 2615 1459 2677 emendatiun·

311 2715 394 2785 culis,
420 2713 523 2795 quales
546 2715 688 2776 'littlerus
710 2735 740 2795 p.
764 2713 783 2776 8
807 2717 969 2794 proposuit,
992 2715 1070 2776 hanc
1092 2715 1260 2778 scabritiem
1288 2715 1375 2794 poliri
1404 2718 1461 2779 sihi

312 2817 516 2896 persuadebit,
546 2836 629 2878 suam
657 2817 714 2878 sihi
737 2825 830 2878 artem
862 2815 914 2878 ille
937 2816 1055 2878 habeto.
1106 2817 1185 2888 Mihi,
1215 2820 1265 2896 qui
1287 2817 1358 2879 olim
1381 2821 1460 2882 varia

311 2921 483 2999 temptantis
505 2926 611 3000 poetae
635 2921 788 2980 conamina
811 2936 975 2998 agnoscere
997 2918 1069 2979 mihi
1092 2919 1227 2989 videbar,
1257 2937 1337 2981 nuno
1358 2921 1460 2982 Peerl-

310 3022 412 3102 kampi
433 3041 463 3102 p.
479 3018 542 3084 289
558 3041 623 3101 sqq.
648 3022 817 3102 disputatio,
832 3023 895 3082 lere
918 3023 1078 3100 persuasit,
1101 3021 1240 3100 indignos
1264 3021 1369 3083 eodem
1393 3042 1461 3085 esse

312 3143 416 3186 versus
437 3121 622 3196 291-293,
647 3143 774 3204 quorum
797 3125 927 3202 primum
948 3125 1006 3184 iam
1030 3123 1124 3185 Cerda
1147 3131 1177 3184 et
1199 3130 1302 3185 nostro
1326 3131 1462 3204 tempore

312 3226 518 3289 Ferdinandus
540 3227 638 3306 Hitzig
672 3245 747 3288 mus.
778 3225 872 3287 Rhen.
903 3225 952 3286 XV
981 3221 1046 3286 324
1073 3244 1116 3304 sq.
1150 3223 1360 3305 interpolatum
1394 3245 1461 3288 esse

311 3329 461 3391 iudicavit.
506 3329 587 3390 ldem
612 3330 655 3390 vir
678 3329 801 3389 orientis
824 3329 1018 3406 gnarissimus
1040 3347 1066 3386 v.
1083 3323 1146 3387 290
1168 3329 1287 3390 Pelidis
1308 3346 1459 3389 commen·

312 3431 399 3501 davit,
424 3449 481 3510 qua
504 3440 603 3493 tamen
627 3433 799 3492 coniectura
829 3449 889 3490 non
911 3429 1081 3490 defenditur
1108 3447 1212 3490 versus
1234 3447 1251 3490 a
1272 3429 1461 3510 Peerllrampi

312 3533 558 3613 reprehensione,
583 3535 631 3594 cui
653 3541 765 3608 urguet
787 3533 913 3593 maxime
936 3531 1082 3611 displicet.

396 3635 470 3696 ltem
501 3634 543 3714 (ut
565 3635 618 3696 llll
639 3631 818 3697 236-238.
842 3629 1021 3712 248-250)
1044 3640 1107 3695 tres
1134 3651 1239 3694 versus
1261 3632 1301 3694 lll
1323 3629 1460 3705 37-39,

312 3739 415 3799 omissi
444 3735 486 3796 illi
517 3738 604 3798 etiam
633 3738 663 3797 in
692 3755 752 3798 uno
781 3735 883 3796 codice
910 3734 1080 3807 Meadiano,
1115 3734 1301 3798 emblematis
1329 3737 1460 3815 speciem

312 3858 385 3918 prae
408 3857 441 3900 se
462 3840 572 3900 lerunt.
617 3839 691 3900 Nam
714 3845 783 3918 post
806 3838 938 3900 Caesaris
961 3835 1074 3917 proelia
1097 3846 1127 3898 et
1150 3835 1319 3916 triumphos
1348 3845 1377 3898 et
1398 3857 1461 3898 ma·

314 3943 411 4002 iorum
435 3939 623 4020 splendidum
647 3941 782 4002 ordinem
806 3941 898 4002 suriae
922 3948 951 4001 et
973 3940 1099 4020 Coeptus
1122 3946 1151 4000 ct
1165 3956 1280 4018 poenae
1295 3940 1461 4000 inferorum

314 4044 432 4104 mireris
455 4061 528 4103 sane
551 4042 621 4120 quid
646 4041 702 4103 sihi
727 4041 830 4103 velint:
855 4043 912 4104 nisi
934 4043 1011 4103 forte
1035 4041 1160 4102 ‘invidia
1182 4039 1303 4101 inlelix'
1325 4042 1459 4102 inimico·

313 4165 380 4208 rum
405 4145 540 4206 Caesaris
561 4144 750 4223 intellegatur
772 4145 888 4205 Tartari
915 4141 1082 4205 terroribus
1104 4143 1231 4211 moneri,
1259 4160 1298 4202 ne
1321 4142 1462 4204 adversus

317 4247 389 4308 deos
402 4246 587 4324 deorumque
599 4245 713 4324 prolem
726 4255 842 4326 peccet.
873 4245 930 4307 Sed
943 4244 1012 4307 talia
1024 4243 1182 4306 simulacra
1194 4243 1246 4305 ubi
1258 4245 1355 4324 aptius
1372 4262 1461 4322 quam

313 4351 344 4411 in
373 4350 446 4429 ipsis
462 4348 578 4410 loribus
601 4367 741 4428 expressa
764 4349 903 4410 finxeris?
926 4346 1024 4409 Nihilo
1041 4355 1139 4409 umen
1156 4348 1255 4408 minus
1270 4355 1339 4426 post
1356 4349 1462 4409 Parios

313 4451 427 4535 lapides
440 4452 582 4533 spirantia
595 4453 678 4530 sigua
692 4447 836 4532 (34-36)
850 4458 1133 4521 commemorantur,
1154 4450 1238 4531 quasi
1260 4449 1364 4530 etipsa
1382 4468 1460 4512 mar·
