3276 5050
299 362 358 426 106
744 384 988 429 euertnnouuun.

295 552 378 614 illum
407 554 591 633 vituperatur
616 570 663 630 ge.
687 549 786 615 1344
814 557 974 631 vinumque
999 554 1100 616 Cereri
1129 573 1191 617 non
1217 555 1304 618 libari
1332 556 1443 619 debere

247 655 248 664 ’
296 655 391 717 Plauti
421 674 459 716 ex
482 655 631 718 Aulularia
659 655 796 716 versibus
817 657 844 718 ll
866 653 895 726 6,
918 653 939 718 5
961 675 1006 736 sq.
1037 657 1179 729 docetur,
1209 678 1247 721 ne
1276 659 1349 736 13333
1378 661 1465 738 quir

296 760 363 820 dem
386 759 463 838 apud
487 758 622 819 Servium
645 764 784 820 nostrum·
802 759 919 828 desunt,
944 761 995 837 qui
1017 761 1058 822 ait
1081 763 1167 823 ‘nam
1191 763 1374 840 superlluum
1399 769 1444 823 est

296 861 374 943 quod
404 861 523 941 quidam
551 859 668 931 dieunt,
691 867 802 922 contra
825 860 1002 940 religionem
1031 863 1141 924 dixisse
1164 863 1317 942 Virgilium
1341 865 1443 926 Cereri

296 965 333 1024 de
355 966 423 1024 vino
440 963 614 1024 sacrificari:
639 962 824 1042 pontificales
839 981 967 1042 namque
983 964 1040 1025 hoc
1056 983 1116 1026 non
1131 973 1231 1028 vetant
1252 966 1330 1028 libri.
1364 967 1442 1044 quod

296 1073 396 1128 autem
418 1067 459 1126 ait
479 1065 611 1135 Plautus,
642 1067 725 1126 cuius
752 1065 795 1126 7117
824 1073 948 1127 3733733
976 1067 1178 1147 exemplo...
1208 1087 1270 1129 non
1301 1075 1346 1130 est
1373 1068 1443 1130 huie
1492 1133 1495 1139 ,

296 1169 361 1229 1333
391 1169 591 1230 contrarium'
620 1186 645 1228 e.
670 1183 698 1245 q.
722 1187 764 1241 3.,
798 1166 849 1229 ubi
882 1169 983 1228 nescio
1015 1189 1052 1230 an
1081 1168 1199 1250 laudata
1230 1170 1441 1250 pontificalium

296 1270 441 1332 librorum
464 1271 626 1332 auctoritas
649 1277 764 1349 spectet
786 1270 823 1331 ad
845 1269 963 1350 plenius
986 1271 1022 1333 ab
1046 1273 1168 1350 antiquo
1185 1273 1289 1335 Servio
1312 1273 1443 1335 adlatum

113 1452 117 1462 ,
219 1455 222 1461 1
296 1374 518 1441 testimonium,
548 1372 627 1432 unde
649 1374 774 1434 sortasse
796 1373 874 1452 apud
889 1370 1072 1436 Macrobium
1094 1374 1201 1437 hausta
1223 1384 1293 1437 sunt
1315 1395 1389 1456 quae
1411 1378 1443 1436 in

298 1482 431 1536 extremo
447 1475 543 1553 capite
559 1473 725 1536 adduntur:
751 1478 870 1537 ‘notum
892 1482 990 1536 eutem
1007 1495 1072 1537 esse
1088 1495 1148 1537 non
1164 1477 1340 1548 diffitebere,
1364 1477 1442 1557 quod

298 1597 322 1638 a.
355 1577 382 1638 d.
412 1576 622 1637 duodecimum
652 1576 799 1640 Kalendas
827 1577 979 1638 lanuarias
1001 1577 1122 1640 Herculi
1150 1587 1179 1639 et
1202 1581 1304 1642 Cereri
1331 1581 1444 1641 iaciunt

222 1707 224 1712 ·
298 1699 351 1741 sue
375 1686 535 1758 praegnate
558 1679 683 1758 panibus
706 1678 829 1740 mulso.’
875 1679 933 1740 Sed
957 1680 1036 1759 qued
1066 1681 1149 1742 ‘miti
1171 1682 1307 1742 Baccho'
1331 1681 1444 1742 Vettius

297 1781 428 1842 ‘mulso'
452 1781 681 1860 interpretetur,
711 1782 800 1860 periit
821 1782 851 1840 in
875 1780 995 1843 scholiis
1017 1781 1107 1844 731373
1130 1765 1292 1844 ‘aliorum’
1317 1782 1443 1864 explica-

296 1887 392 1954 tione,
427 1885 477 1963 qui
505 1884 588 1942 ‘miti
618 1883 751 1943 Baccho'
785 1901 841 1963 pro
876 1883 972 1944 dativo
1001 1903 1072 1945 casu
1099 1886 1294 1966 accipiebant.

366 1985 465 2048 Altera
481 1985 623 2065 quaestio,
642 2004 729 2066 quam
745 1987 776 2046 in
793 1984 897 2046 eodem
914 1987 1010 2066 capite
1022 1987 1191 2066 Euangelus
1206 1995 1313 2058 movet,
1331 1997 1445 2070 spectat

295 2089 330 2150 ed
345 2089 417 2149 Aen.
430 2084 567 2148 7111279
579 2088 631 2148 371
643 2084 714 2164 736,
729 2087 779 2148 ubi
792 2089 822 2147 in
835 2107 969 2150 mensem
982 2087 1101 2159 libatur,
1121 2109 1181 2151 non
1199 2092 1231 2152 in
1246 2110 1336 2152 aram.
1367 2092 1442 2152 ltem

297 2186 421 2252 Servius
444 2197 546 2251 noster
569 2189 605 2252 ad
628 2191 700 2251 Aen.
726 2186 874 2250 11111279
897 2189 1062 2251 adnotavit:
1087 2192 1259 2268 ‘quaeritur
1283 2212 1364 2263 sane,
1390 2212 1444 2254 cur

296 2295 326 2353 in
349 2311 482 2354 mensam
507 2300 536 2352 et
558 2311 617 2352 non
640 2293 670 2352 in
687 2310 767 2352 aram
784 2290 973 2360 libaverint';
999 2295 1140 2354 omissum
1158 2293 1277 2374 quidem
1299 2294 1348 2354 hic
1365 2295 1442 2372 quod

297 2396 449 2456 ‘Tertius’
474 2397 534 2456 sive
550 2394 646 2454 Titius
669 2396 753 2454 ‘cum
778 2393 814 2454 de
836 2395 895 2454 ritu
919 2412 1071 2455 sacrorum
1094 2395 1186 2457 multa
1209 2395 1379 2466 dissereret,
1405 2398 1445 2458 377

296 2497 353 2557 sibi
375 2496 455 2556 lurnc
478 2496 574 2557 locum
598 2497 627 2555 in
653 2496 856 2574 quaestionem
885 2497 1018 2566 venire',
1049 2498 1157 2558 omissa
1186 2498 1274 2558 etiam
1303 2516 1378 2578 quae
1407 2517 1442 2558 ex

297 2599 455 2678 Papiriano
478 2600 542 2659 iure
564 2597 677 2658 Vettius
699 2598 806 2658 recitat
827 2596 934 2667 verba,
956 2597 1017 2670 ¹sed
1040 2598 1118 2678 quod
1142 2598 1188 2660 his
1210 2600 1282 2679 ipsis
1301 2584 1441 2680 ‘compro-

297 2700 362 2762 bari
384 2701 472 2761 docet
505 2687 592 2760 ‘arae
621 2701 713 2760 vicem
742 2705 895 2779 praestare
922 2691 1019 2778 posse
1042 2719 1175 2762 mensam
1198 2701 1356 2772 dicatam’,
1393 2701 1444 2762 7113

298 2795 416 2880 quoque
438 2804 477 2862 ita
501 2801 727 2882 comprehendit
749 2808 781 2862 ut
803 2800 869 2862 loco
897 2800 948 2862 illo
977 2821 1065 2864 usum
1083 2822 1161 2864 -esse
1189 2805 1260 2866 33773
1289 2810 1442 2884 appareat.

298 2905 372 2966 Nam
396 2923 462 2964 cum
486 2903 547 2964 illic
570 2906 620 2966 ‘in
643 2905 720 2966 13373
744 2903 799 2964 3173
824 2922 962 2964 vasorum
986 2922 1050 2966 esse
1073 2911 1102 2964 et
1124 2923 1226 2968 sacrae
1241 2903 1441 2986 supellectilis,

298 3008 353 3068 3173
383 3012 644 3068 ornamentorum’
674 3025 837 3086 mensaque
870 3007 921 3067 ‘in
950 3025 1006 3086 que
1037 2995 1142 3086 epulae
1169 3007 1386 3084 libationesque
1414 3013 1443 3065 et

298 3111 390 3190 stipes
412 3111 618 3188 reponuntur'
648 3110 815 3188 principem
839 3108 938 3170 locum
960 3109 1135 3172 interrasa
1164 3107 1313 3179 obtinere,
1344 3110 1443 3186 itaque

298 3231 401 3272 mensa
429 3210 589 3291 arulaeque
618 3211 753 3272 dieantur
782 3210 886 3271 eodem
915 3210 963 3270 die
999 3228 1056 3290 quo
1085 3209 1174 3271 aedes
1200 3211 1283 3290 ipsae
1312 3209 1442 3270 dedicari

299 3314 410 3384 solere,
440 3315 471 3373 in
495 3313 642 3374 Servianis
666 3312 785 3373 scholiis
807 3312 881 3374 haec
909 3319 1048 3391 excerpta
1077 3309 1229 3389 leguntur:
1265 3312 1336 3373 ‘sed
1364 3311 1441 3391 apud

299 3418 438 3493 antiquos
461 3416 540 3476 inter
562 3434 698 3476 vasorum
722 3411 935 3494 supellectilem
960 3415 1046 3474 etiem
1071 3431 1204 3474 mensam
1220 3431 1287 3473 cum
1303 3414 1363 3474 aris
1379 3433 1443 3473 mos

300 3525 363 3579 erat
385 3518 556 3578 consecrari
579 3535 638 3594 quo
661 3517 709 3576 die
731 3515 874 3595 templum
898 3513 1146 3584 consecrabatur,
1176 3515 1255 3576 unde
1281 3514 1359 3576 hene
1387 3517 1441 3575 nit:

299 3621 328 3679 in
353 3637 486 3680 mensam
509 3617 579 3678 laeti
601 3617 703 3688 libant,
728 3635 816 3695 quam
840 3617 994 3678 constabat
1016 3635 1082 3678 enm
1105 3635 1156 3678 333
1179 3618 1305 3677 maxima
1327 3616 1441 3678 dedica·

300 3722 387 3790 tam',
413 3739 479 3780 uam
503 3721 638 3780 3313333
661 3719 763 3780 ultima
785 3718 904 3798 quidem
928 3718 1036 3780 desunt
1057 3719 1135 3798 apud
1157 3718 1341 3780 Macrobium
1361 3717 1385 3798 §
1408 3716 1441 3779 7;

301 3826 391 3900 ‘ergo
414 3822 491 3901 epud
514 3821 685 3882 Euandrum
709 3821 829 3901 quidem
853 3822 885 3881 fit
906 3823 982 3881 iusta
1005 3820 1115 3892 libatio,
1140 3823 1250 3900 quippe
1273 3823 1359 3898 apud
1377 3837 1443 3880 eum
1520 3810 1523 3816 ¹
1630 3845 1631 3902 3

299 3942 449 3993 mensum,
479 3943 557 4001 quae
583 3942 651 3986 cum
674 3941 733 3984 ura
761 3926 898 3984 maximo
920 3941 1003 3984 more
1027 3923 1133 4000 utique
1158 3920 1311 4001 religionis
1336 3922 1445 3996 [33337

300 4029 458 4088 dedicata'
482 4045 508 4086 e.
533 4046 561 4106 q.
585 4046 608 4087 3.

386 4131 494 4191 Contra
522 4127 630 4209 quibus
652 4129 724 4190 Aen.
748 4129 761 4189 l
784 4126 846 4190 736
874 4134 995 4189 excusat
1016 4127 1144 4196 Vettius,
1174 4125 1444 4189 ea·desiderantnr

299 4237 331 4294 73
354 4239 456 4294 nostro
480 4233 702 4300 commentario,
727 4229 778 4291 uhi
801 4231 916 4292 diversa
939 4231 1041 4310 eisque
1064 4247 1139 4308 quae
1161 4225 1444 4292 uidenviden)

301 4336 445 4396 docentur
468 4332 557 4396 simili
579 4336 696 4394 ratione
718 4333 840 4394 solvitur
863 4333 1008 4410 quaestio.

386 4437 489 4500 Restat
510 4436 639 4520 denique
656 4434 785 4496 'mutilus
807 4435 882 4518 apud
900 4432 1083 4496 llacrobium
1106 4433 1190 4496 locus
1209 4451 1235 4496 c.
1254 4429 1293 4494 12
1308 4433 1443 4504 extremi,
