3230 5046
607 403 848 446 Pronnaouuua
1233 382 1295 446 209

159 587 219 648 que
244 569 329 629 unice
346 576 494 629 verum'et
509 571 710 630 necessarium
727 571 764 630 sit
779 573 953 632 inexcita
968 573 1135 632 Ausonio
1157 571 1295 632 omnibus

83 675 88 684 '
158 670 246 730 libris
269 671 507 749 comprohatum,
536 671 592 732 lroc-
615 671 749 750 cremplo
771 691 927 733 monemur
949 691 986 733 ne
1010 671 1079 749 quid
1101 674 1209 735 iudicio
1234 675 1296 733 eius

159 773 191 832 iu
215 771 360 850 eligendis
383 773 539 852 scripturis
562 775 660 834 securi
682 773 855 834 tribuamus.
906 773 977 834 Nam
1002 775 1088 834 etiam
1110 775 1137 835 X
1158 771 1220 837 359
1250 777 1294 835 in-

157 875 322 953 prudenter
344 891 447 934 verum
469 873 570 936 habuit
592 877 696 936 obnixi
716 875 795 954 quod
817 875 875 952 legi
891 895 946 955 pro
962 877 1074 936 obnixo
1088 895 1160 937 sane
1175 877 1295 938 Servius

159 993 280 1055 quoque
304 975 461 1037 adnotavit.
493 976 568 1038 'lum
590 977 737 1055 glossema
759 976 804 1038 val
820 955 1021 1038 cdniecturam
1037 985 1317 1039 commemoratam

156 1079 229 1138 item
252 1095 268 1137 a
291 1077 394 1138 Servio
416 1078 519 1154 quoad
540 1078 593 1139 XII
607 1075 675 1139 ·147
704 1097 759 1158 pro
786 1079 914 1156 genuino
941 1078 1112 1148 venditavit,
1142 1087 1171 1140 at
1192 1079 1294 1156 Vergi-

157 1177 215 1239 lius
243 1197 313 1254 qua
343 1177 520 1258 reliquerat;
552 1188 582 1241 et
603 1157 684 1260 quod
707 1197 740 1240 ex
765 1179 911 1242 similibus
932 1179 1005 1241 locis
1026 1181 1066 1240 IX
1087 1177 1150 1242 360
1185 1181 1211 1241 X
1234 1177 1294 1241 788

157 1299 174 1340 a
197 1287 430 1341 commentatore
452 1281 615 1362 adpositum
645 1291 708 1342 crat
735 1284 827 1343 instat
848 1279 900 1342 XII
923 1277 984 1342 748
1013 1289 1118 1361 poetae
1146 1301 1211 1343 csse
1239 1281 1295 1343 sibi

157 1383 315 1460 persuasit,
339 1384 391 1462 qui
412 1391 522 1457 uroet
543 1385 710 1463 scripserat.
747 1383 807 1445 Nec
830 1382 957 1446 debehat
977 1381 1185 1463 interpolatam
1208 1385 1294 1444 etiarn
1412 1410 1415 1421 v

157 1485 189 1543 in
211 1485 284 1553 noc,
305 1483 385 1564 apud
407 1484 594 1546 Priscianum
618 1493 647 1546 et
669 1483 856 1548 scholiastam
871 1484 979 1546 Lucani
1003 1503 1032 1568 u·
1043 1487 1294 1566 praepositionem

158 1603 204 1663 ge.
229 1585 242 1646 Ι
263 1581 327 1646 360
349 1603 520 1664 agnoscere.

244 1705 295 1766 His
323 1704 469 1765 accedunt
496 1705 551 1768 alia
579 1708 711 1786 quamvis
739 1723 880 1785 expresso
914 1707 1098 1784 grammatici
1125 1708 1294 1769 testimonio

159 1825 221 1867 non
242 1806 376 1886 probata,
400 1807 453 1868 sed
474 1814 574 1868 tamen
596 1810 627 1868 in
650 1807 854 1869 exscribendis
877 1807 1020 1886 exemplis
1041 1817 1209 1888 propagata.

148 1999 151 2004 Ι
242 1927 283 1987 Ao
305 1928 448 1988 memoria
470 1926 560 1988 lalsus
582 1927 711 1987 exinea.
735 1926 774 1987 lll
795 1922 859 1986 300
875 1927 1093 2002 progredimur
1115 1907 1220 1996 citavit,
1243 1925 1294 1987 uhi

157 2027 266 2105 legitur
284 2032 527 2105 progredior.
571 2027 750 2107 Interpolata
772 2027 816 2088 vel
838 2029 869 2087 in
893 2033 973 2086 textu
987 2029 1122 2088 drusiani
1138 2027 1184 2088 vel
1198 2030 1228 2088 in
1245 2047 1292 2088 co·

159 2129 224 2189 dice
246 2128 411 2208 Vergiliano
433 2147 491 2207 quo
513 2131 561 2190 hic
593 2149 664 2190 usus
687 2137 732 2190 est
753 2129 823 2190 ten.
848 2128 898 2188 Vll
920 2125 983 2188 640
1004 2129 1140 2191 induitur
1167 2131 1293 2190 loricam

158 2231 288 2292 inumeris
319 2251 374 2311 pro
406 2233 452 2292 his
485 2235 645 2294 ioricam
678 2233 865 2305 induitur,
901 2229 940 2290 tx
963 2227 1024 2292 796
1049 2248 1107 2306 per
1134 2233 1217 2306 iares
1237 2249 1293 2309 pro

157 2336 334 2410 uirosque
357 2333 399 2412 (ut
420 2336 451 2394 in
466 2334 577 2394 Veneto
594 2335 792 2410 perhorres),
815 2327 897 2393 x59
916 2335 1029 2414 Troiae
1044 2337 1098 2411 pro
1116 2335 1291 2408 patriae,

158 2429 220 2493 212
246 2438 386 2496 caerulco
407 2453 462 2514 pro
483 2435 666 2508 semifero
688 2435 734 2513 (cf.
757 2429 840 2510 209).

247 2551 394 2634 Corrupto
416 2543 483 2615 sunt
504 2554 577 2614 haec
599 2571 731 2634 quoque:
752 2555 865 2630 poteris
891 2550 944 2612 ccl.
960 2553 974 2612 l
990 2548 1030 2612 79
1051 2571 1106 2632 pro
1125 2560 1290 2630 poterae,

158 2656 289 2716 alienum
311 2673 357 2734 ge.
381 2655 407 2716 ll
430 2651 470 2716 76
492 2674 547 2736 pro
570 2659 712 2733 aliena,
737 2671 837 2731 prono
859 2657 930 2714 Aen.
953 2654 979 2714 X
1000 2650 1077 2725 686,
1101 2671 1293 2715 cumrerum

156 2756 371 2831 sitpronus.
765 2767 777 2778 ”
820 2836 822 2840 .
1022 2771 1026 2780 ’

242 2857 330 2918 Multa
359 2865 530 2936 praeterea,
562 2877 636 2938 quae
666 2861 753 2918 ctiam
781 2861 812 2918 in
839 2864 1010 2918 nostrorum
1038 2857 1180 2919 librorum
1208 2865 1292 2936 parte

157 2960 363 3036 reperiuntur,
399 2977 434 3020 ex
466 2960 644 3039 interpolato
673 2959 833 3038 exemplari
865 2959 969 3020 hausta
1001 2966 1078 3020 sunt.
1134 2960 1292 3038 Composui
1322 2967 1331 2982 '

156 3060 291 3140 exempla
313 3061 472 3140 quaedam:

197 3239 241 3268 =
261 3215 370 3290 FJMI,
394 3214 521 3277 Nonius:
551 3217 757 3292 omnipotentis
778 3211 1131 3295 projornuiparentis
1160 3216 1231 3275 Aen.
1255 3213 1291 3272 Vl

197 3442 239 3470 =
261 3417 335 3492 MR,
361 3418 397 3478 ci.
421 3417 558 3483 Servius:
582 3421 740 3496 quicquum
762 3436 817 3497 pro
839 3422 1012 3495 quiquam
1044 3434 1089 3494 ge.
1110 3416 1166 3477 llll
1187 3412 1248 3477 447

261 3519 297 3580 ci.
321 3521 394 3598 My:
416 3538 501 3582 suum
522 3539 579 3606 pro
601 3539 668 3583 suu
701 3522 772 3582 Aen.
795 3521 849 3582 llll
871 3516 933 3582 233

196 3645 239 3689 =
261 3621 443 3699 Mrpnyoc:
466 3625 599 3683 ualidam
620 3643 675 3703 pro
698 3627 827 3686 durum
859 3639 904 3700 ge.
929 3617 1063 3682 1111331

196 3747 239 3774 =
261 3724 406 3802 MiPybc,
430 3724 467 3784 cl.
491 3725 623 3786 Seruus:
647 3729 722 3788 siloc
743 3745 797 3805 pro
819 3725 899 3784 Siia
934 3741 979 3802 ge.
1003 3718 1126 3784 111219

196 3849 238 3876 =
260 3826 415 3886 MtIilrct:
437 3829 547 3887 saliere
567 3846 622 3906 pro
645 3831 798 3890 soluere
833 3825 878 3906 ge.
901 3825 927 3886 ll
949 3821 1026 3887 384:
1045 3826 1087 3910 cl.
1105 3841 1209 3886 comm.
1227 3823 1290 3883 crit.

197 3951 241 3980 =
263 3943 322 4003 ura,
346 3926 473 3988 Fronto:
497 3937 643 4006 temperat
663 3949 719 4009 pro
742 3937 921 4005 temperet
952 3919 1024 3989 Aea.
1048 3923 1116 3988 118

198 4055 241 4082 =
263 4047 299 4106 γ,
324 4029 362 4090 ci.
387 4029 508 4092 Servius
531 4039 561 4091 et
581 4031 754 4110 Pompeius:
783 4032 868 4092 houd
887 4049 943 4109 pro
965 4037 1029 4091 out
1059 4029 1130 4090 Aen.
1153 4022 1292 4090 1111370

197 4155 241 4184 =
262 4133 381 4209 ytatbc
402 4133 528 4194 Achillis
550 4151 604 4212 pro
627 4135 767 4194 Aciriili
797 4135 868 4194 Aen.
891 4131 918 4192 ll
939 4127 1002 4192 275
1076 4127 1078 4132 ⁴

193 4257 237 4288 .-=
258 4239 293 4294 cl
313 4236 452 4296 monebat
473 4253 527 4314 pro
549 4237 708 4296 monebit
741 4235 812 4295 teu.
836 4228 969 4294 vuaso
1096 4236 1101 4245 ’

194 4359 238 4388 =
259 4353 278 4413 χ
306 4337 419 4411 Libyae
440 4355 494 4416 pro
517 4337 681 4430 Libycae
713 4339 785 4398 Aen.
809 4330 947 4396 Ι171320

257 4425 445 4531 amplectens
461 4457 516 4519 pro
539 4442 733 4518 ampiexus
760 4439 830 4502 Aen.
855 4437 895 4500 lll
917 4433 987 4500 607.

204 4553 338 4606 sisenes,
358 4553 517 4592 rsoneoou.
658 4539 660 4544 ’
1001 4587 1008 4596 .
1046 4534 1086 4602 14
