3212 5042
633 449 819 490 rnnursrro.
1148 505 1153 510 ι
1249 441 1287 488 lx

137 612 283 696 positum
305 620 369 676 est.
435 597 589 675 Ceterum
607 610 663 674 illa
685 613 779 675 ‘item
802 612 927 675 Probus
951 621 983 675 et
1006 612 1132 697 antiqui
1153 612 1286 692 nostri',

138 713 234 776 ‘item
251 711 380 796 antiqui
395 713 498 776 nostri
513 721 546 775 et
556 711 683 776 Probus
692 718 711 791 ',
732 712 900 775 ‘similiter
914 713 948 774 in
961 713 1081 776 nostris
1098 712 1286 777 auctoribus

138 813 267 878 Probus
278 821 298 892 ’,
328 813 380 874 ‘in
406 811 456 875 his
485 821 517 875 et
546 813 651 876 nostri
681 835 719 876 ea
747 814 798 876 usi
827 821 930 892 sunt’,
960 813 1023 901 ‘sic
1051 823 1083 876 ct
1111 813 1144 876 in
1167 813 1287 877 nostris

139 913 334 978 auctoribus
350 913 540 992 invenitur’,
558 914 623 976 ‘sic
641 922 673 976 et
688 912 777 998 apud
792 922 938 977 nostros’
952 913 1081 999 -quid
1099 912 1163 977 sibi
1185 912 1288 977 velint

137 1037 205 1078 non
228 1013 438 1098 perspexisse
462 1012 593 1077 videtur
614 1013 754 1078 Riesius.
800 1013 892 1094 Quae
915 1015 943 1076 si
966 1036 1003 1078 eo
1027 1022 1228 1099 spectarent,
1250 1022 1287 1077 ut

137 1117 223 1180 haec
245 1113 332 1194 sola,
355 1135 421 1177 non
443 1121 551 1177 cetera
573 1114 668 1198 signa
683 1113 837 1177 Romanis
859 1115 893 1176 in
913 1137 975 1178 usu
991 1114 1091 1178 fuisse
1106 1123 1286 1195 monerent,

139 1238 221 1280 sane
250 1202 341 1300 quae'
362 1214 498 1278 brevem
526 1224 678 1279 notarum
701 1213 789 1278 XXI
810 1237 978 1278 recensum
1006 1215 1172 1300 excipiunt
1199 1214 1287 1300 apud

140 1316 337 1381 Suetonium
366 1315 433 1378 ‘his
458 1363 465 1378 .
489 1363 496 1378 .
521 1363 528 1378 .
553 1314 783 1380 Aristarchus'
818 1337 878 1379 nec
906 1337 963 1379 suo
992 1315 1063 1380 loco
1092 1317 1200 1401 posita
1227 1336 1287 1378 nec

138 1417 272 1500 integra
293 1415 446 1480 habenda
468 1426 588 1480 essent.
632 1415 747 1500 Itaque
770 1415 864 1480 valde
886 1416 1043 1504 audacter
1063 1416 1191 1480 Riesius
1215 1438 1287 1480 con-

140 1517 222 1581 iecit
249 1515 414 1579 excidisse
441 1525 517 1580 ante
544 1518 623 1581 haec
652 1539 762 1580 earum
791 1525 940 1581 notarum
967 1519 1172 1598 memoriam,
1207 1538 1287 1602 quas

142 1641 185 1682 ex
205 1615 364 1701 ampliore
380 1637 514 1680 numero
530 1617 668 1680 Romani
684 1639 703 1679 a
719 1618 855 1682 Graecis
871 1618 1010 1683 mutuati
1032 1627 1150 1683 essent.
1182 1615 1286 1682 Multo

141 1728 175 1782 et
193 1715 376 1802 simplicius
397 1727 430 1781 et
444 1716 647 1802 probabilius
663 1718 869 1782 emendanda
882 1718 939 1782 illa
954 1719 1101 1804 suspicor
1116 1717 1287 1783 scribendo

143 1819 215 1882 ‘his
242 1827 272 1882 et
294 1825 363 1881 otim
391 1818 425 1880 in
453 1817 718 1884 adnotationibus
741 1818 841 1881 Ennii
862 1818 982 1883 Lucilii
1010 1827 1043 1883 et
1065 1820 1288 1884 scaenicorum

142 1920 194 1983 usi
217 1929 294 1983 sunt
308 1917 534 2002 Vargunteius
549 1918 745 2004 Laeliusque
768 1929 797 1982 et
809 1930 959 1998 postremo
973 1920 1112 2002 Probus,
1136 1921 1192 2004 qui
1214 1920 1287 1983 illas

144 2021 179 2084 in
200 2017 342 2102 Virgilio
366 2028 399 2083 et
420 2018 562 2084 Horatio
585 2029 617 2083 et
638 2019 791 2084 Lucretio
814 2020 967 2105 apposuit
988 2030 1026 2084 ut
1046 2019 1190 2086 Homero
1214 2021 1287 2084 Ari-

143 2119 328 2200 starchus',
351 2120 385 2183 in
405 2119 523 2204 quibus
538 2119 618 2182 haec
639 2126 688 2183 ‘et
703 2128 886 2205 postremo'
903 2122 995 2206 quasi
1011 2121 1160 2205 flagitare
1175 2120 1288 2186 viden-

144 2233 205 2302 tur,
228 2231 266 2286 ut
278 2219 366 2306 quod
387 2220 433 2283 eis
454 2220 651 2305 respondeat
674 2220 787 2284 ‘olim’
810 2221 1001 2306 praecedat,
1024 2232 1057 2286 et
1071 2231 1201 2307 poterat
1215 2230 1289 2306 post

144 2346 159 2386 s
173 2321 318 2385 litteram
333 2319 490 2384 facillime
505 2327 545 2384 oh
559 2321 698 2386 transire
713 2322 746 2384 in
761 2328 841 2386 solis.
887 2322 927 2384 In
942 2323 1059 2387 ceteris
1075 2345 1148 2386 cum
1164 2321 1288 2388 librarii

145 2423 242 2508 culpa
256 2421 362 2484 multa
377 2431 533 2506 corrupta
549 2423 625 2503 sint,
641 2432 765 2486 certum
781 2421 861 2485 mihi
877 2423 1008 2487 videtur
1022 2445 1076 2488 eos
1093 2445 1173 2509 quos
1189 2423 1289 2488 Ennii

145 2533 177 2587 et
187 2521 308 2588 Luci-lii
324 2520 526 2606 exemplaria
540 2523 708 2588 curavisse
724 2523 794 2608 ipse
805 2523 979 2588 Suetonius
995 2524 1074 2590 alibi
1090 2525 1194 2606 docet,
1207 2525 1288 2589 Var-

141 2625 314 2708 gunteium
338 2631 371 2686 et
392 2621 541 2687 Laelium
564 2621 763 2686 Archelaum
794 2623 941 2709 inprimis
970 2624 1153 2690 laudandos
1175 2625 1289 2689 fuisse.

145 2725 253 2788 Plauti
282 2733 528 2809 ceterorumque
550 2723 773 2787 scaenicorum
801 2735 927 2790 textum
955 2748 1033 2788 num
1060 2725 1174 2790 Aelius
1205 2724 1287 2790 Stilo

146 2825 371 2892 emendaverit
392 2845 434 2886 an
457 2824 549 2888 cuius
572 2823 655 2888 alius
679 2826 838 2890 memoria
860 2825 1034 2906 exciderit,
1063 2848 1128 2890 non
1149 2836 1241 2892 const
1264 2835 1286 2890 t.

146 2928 190 3002 At
205 2927 250 2990 M.
264 2925 408 2990 Ennium
431 2925 589 3006 criticum,
613 2925 705 2989 cuius
727 2949 832 3011 nuper
852 2927 1001 2990 umbram
1023 2927 1152 2991 Riesius
1176 2950 1208 3013 p.
1223 2927 1287 2991 466

147 3027 322 3106 excitavit,
357 3025 400 3089 ad
427 3025 549 3091 inferos
583 3025 806 3111 repellendum
833 3049 959 3092 censeo.
1051 3027 1117 3091 Sed
1146 3026 1224 3090 illuc
1250 3037 1288 3091 ut

147 3129 293 3210 redeam,
324 3134 448 3211 septem
475 3124 533 3189 illa
560 3125 784 3191 additamenta
809 3128 844 3190 in
872 3129 919 3192 eis
948 3127 1090 3192 maxime
1117 3129 1202 3191 notis
1232 3150 1286 3211 ap-

146 3237 274 3314 parent,
298 3247 382 3312 quae
405 3227 447 3291 ab
463 3227 655 3292 Aristarcho
678 3227 732 3291 vel
746 3227 852 3312 primo
868 3228 921 3293 vel
936 3226 1092 3311 singulari
1107 3237 1140 3291 et
1155 3227 1288 3291 diversa

147 3331 186 3394 ab
202 3327 275 3392 aliis
292 3327 420 3390 ratione
435 3325 601 3392 adhibitae
617 3338 702 3408 sunt,
718 3337 753 3390 ut
767 3329 864 3392 huius
879 3328 1087 3414 potissimum
1104 3328 1287 3414 exemplum

147 3429 281 3494 Latinos
317 3429 549 3511 grammaticos
584 3439 713 3494 secutos
743 3451 830 3510 esse,
869 3429 903 3494 id
930 3427 1017 3514 quod
1049 3430 1148 3493 etiam
1175 3430 1285 3494 verbis

147 3552 243 3616 supra
278 3527 421 3592 laudatis
458 3529 618 3594 monitum
653 3540 718 3608 est,
761 3530 867 3594 denuo
902 3529 1142 3594 adfirmaretur.
1200 3529 1286 3593 Nam

146 3630 293 3717 ‘propria
313 3629 515 3694 Aristarchi'
538 3641 616 3695 nota
638 3631 758 3695 dicitur
780 3631 954 3694 asteriscus
977 3653 1051 3695 cum
1074 3631 1177 3712 obe10,
1202 3640 1284 3694 aste-

145 3734 228 3795 risco
243 3730 341 3794 aliter
361 3739 459 3814 atque
473 3731 721 3816 Aristophanes,
746 3731 834 3818 diple
851 3731 993 3818 'simplici
1014 3741 1090 3816 post
1104 3731 1284 3815 Leogcram

146 3831 244 3897 multo
281 3830 439 3916 ampliore
474 3831 609 3896 consilio
643 3855 722 3896 usus
751 3843 801 3897 est
828 3831 1055 3913 Aristarchus,
1089 3841 1126 3895 ut
1151 3833 1185 3896 in
1212 3833 1284 3918 ipsc

145 3941 287 3998 tractatu
319 3941 433 3996 nostro
468 3931 605 4015 singulis
638 3932 718 3997 locis
745 3942 911 3998 narratum
940 3942 999 3996 est.
1049 3933 1132 3997 ltem
1159 3933 1284 4018 primus

146 4033 230 4119 diple
252 4033 504 4119 periestigmene
527 4042 560 4097 et
582 4035 791 4120 antisigmate
814 4057 885 4098 curn
907 4043 1037 4119 puncto,
1061 4034 1155 4097 aliter
1176 4044 1284 4099 autem

146 4145 240 4219 atque
277 4132 514 4218 Aristophanes
549 4135 730 4220 Byzantius
768 4135 826 4222 (cf.
862 4134 1032 4199 Nauckius
1063 4135 1165 4198 Arist.
1201 4135 1284 4220 Byz.

145 4234 261 4320 fragm.
290 4256 323 4319 p.
353 4234 406 4315 18)
442 4233 582 4320 simplici
620 4237 827 4319 antisigmatc
866 4257 945 4298 usus
980 4245 1030 4299 est
1062 4235 1283 4316 Aristarchus,

146 4358 237 4420 quem
264 4342 453 4398 constanter
486 4335 607 4399 imitati
640 4347 716 4400 sunt
744 4337 893 4402 Romani.
943 4335 1066 4399 Contra
1093 4346 1126 4399 et
1153 4334 1283 4400 obelum

146 4445 218 4499 ante
239 4433 467 4500 Aristarchum
491 4435 676 4501 Zenodotus
706 4437 825 4522 spuriis
855 4436 1004 4501 versibus
1034 4435 1151 4499 adfixit
1179 4445 1212 4499 et
1234 4456 1281 4497 ce-
