3230 5046
285 427 287 435 ,
318 389 377 454 192
763 415 1007 457 pnounaounrm.

400 578 458 639 Sed
488 599 555 640 cum
585 598 621 640 ex
649 579 795 640 similibus
823 579 897 641 locis
930 583 1028 642 variae
1055 581 1198 642 lectiones
1225 581 1328 642 solitae
1356 584 1415 643 sint
1443 602 1459 642 a

317 680 601 743 commentatoribus
624 681 748 760 singulis
771 681 869 743 verbis
885 681 1003 752 ascribi,
1026 682 1100 743 haec
1122 699 1243 763 quoque
1257 691 1378 762 praeter
1389 684 1458 744 Ser-

316 784 393 841 vium
418 789 447 841 et
476 783 553 861 aputl
583 782 655 844 alios
684 791 821 844 auctores
850 791 879 844 et
906 786 937 844 in
970 787 1079 845 nostris
1113 783 1264 846 codicibus
1295 785 1382 846 modo
1414 785 1460 845 bis

315 884 404 944 modo
427 883 485 944 illis
507 886 709 964 reperiuntur,
733 885 814 945 velut
836 886 915 965 quoti

358 987 387 1045 in
410 987 457 1046 hm
480 993 510 1046 et
537 987 616 1065 aputl
639 988 813 1047 Anneianum
844 986 953 1064 legitur
984 989 1086 1048 labori
1115 995 1174 1066 pro·
1203 990 1334 1048 dolori
1384 987 1459 1047 Aen.
1538 1072 1542 1080 ι

516 1088 542 1148 11
565 1085 627 1149 776

315 1195 345 1248 et
366 1206 442 1266 quae
467 1189 542 1249 inira
566 1189 668 1250 multis
690 1189 764 1250 locis
788 1190 1038 1252 commemorabo.

835 1458 932 1540 §eo

398 1699 510 1760 lavabit
540 1717 574 1758 ex
604 1701 698 1759 Probi
725 1700 813 1759 etiam
845 1701 895 1777 qui
923 1679 1031 1759 (licitur
1059 1698 1218 1762 bucolicon
1246 1709 1276 1761 et
1302 1702 1463 1779 georgicon

317 1797 533 1862 commentario
555 1818 650 1879 pauca
672 1799 806 1880 exempla
830 1818 1022 1878 expromere,
1046 1801 1154 1880 quibus
1175 1803 1365 1880 intellegatur
1386 1801 1463 1862 lem-

316 1910 395 1962 mata
418 1909 448 1962 et
470 1902 608 1962 firmandi
631 1921 718 1963 causa
742 1898 778 1963 ex
800 1901 858 1962 alio
887 1902 954 1963 loco
986 1902 1143 1982 adsumpta
1164 1911 1270 1982 poetae
1292 1905 1381 1966 verba
1403 1905 1463 1964 nisi

272 1985 277 1992 ⁶
316 2006 347 2064 in
371 2007 413 2076 eis
443 2003 610 2082 dequibus
639 2022 800 2083 expressus
827 2021 927 2064 sermo
956 2011 1001 2064 est
1028 2011 1108 2065 certa
1136 2005 1194 2065 fide
1222 2024 1325 2067 carere
1343 2005 1402 2084 ’(31.
1430 2024 1461 2084 p.

316 2103 396 2184 165).
443 2105 528 2166 Velut
549 2107 581 2165 in
602 2109 739 2166 lemmate
761 2123 807 2182 ge.
831 2105 844 2165 1
869 2101 928 2165 103
951 2109 1043 2168 iactet
1065 2114 1094 2166 et.
1109 2111 1257 2168 mirentur
1272 2107 1461 2174 coniunctivi,

315 2226 441 2287 quorum
455 2205 529 2290 {cum
553 2206 601 2266 bic
624 2207 744 2285 elegans
766 2209 804 2267 sit
826 2216 855 2267 et
876 2226 970 2286 prope
993 2210 1188 2276 necessarius,
1212 2208 1294 2268 illum
1318 2209 1353 2268 ad
1375 2208 1464 2268 huius

314 2309 537 2370 similitudinem
554 2308 657 2368 eadem
675 2311 844 2370 temeritate
857 2309 1110 2370 accommodatum
1129 2311 1235 2379 sentio,
1258 2327 1314 2386 qna
1332 2309 1463 2369 inlibris

314 2412 425 2472 nostris
443 2419 566 2498 propter
582 2414 678 2471 iactat
700 2412 881 2472 antecedens
903 2413 1012 2474 lactum
1037 2419 1083 2472 est
1103 2415 1264 2473 mirantur.
1311 2412 1462 2472 Sententia

315 2515 408 2582 enim,
444 2531 530 2592 quam
563 2519 646 2572 recte
679 2513 891 2591 interpretatur
925 2513 1061 2583 Servius,
1096 2513 1170 2574 baec
1202 2521 1261 2574 est:
1300 2532 1338 2574 ne
1372 2513 1464 2592 Mysia

314 2615 437 2694 quidem
477 2616 611 2691 quamvis
643 2613 871 2690 diligentissimo
905 2615 987 2676 cultu
1021 2621 1133 2675 tantum
1170 2616 1287 2695 prolicit
1321 2623 1463 2694 quantum

251 2785 254 2792 ¹
315 2719 396 2776 iuvat
426 2705 507 2778 caeli*
522 2717 625 2792 gratia,
655 2733 730 2793 quae
754 2717 778 2775 si
802 2718 961 2794 contingat,
985 2716 1030 2776 vel
1052 2716 1234 2778 feracissima
1256 2725 1335 2776 terra
1358 2719 1465 2777 messis

313 2818 483 2878 ubertatem
508 2819 643 2878 miretur.

401 2920 574 2980 Memoriter
596 2937 642 2996 ge.
667 2915 831 2980 1138513
855 2918 993 2980 lemmate
1023 2938 1094 2980 orsa
1123 2939 1179 2999 pro
1207 2924 1320 2982 misso
1349 2921 1465 2982 videtur

316 3024 461 3100 scriptum
486 3040 560 3090 esse,
584 3021 655 3080 item
679 3017 845 3081 33111114
867 3023 896 3081 in
919 3023 1073 3100 prooemio
1089 3041 1118 3101 p.
1134 3019 1164 3092 6,
1180 3019 1201 3082 6
1215 3023 1250 3082 Κ.
1274 3025 1466 3100 ‘componere

315 3124 402 3184 lites'
426 3142 481 3202 pro
504 3125 725 3191 ‘incideret
750 3141 806 3184 nec
829 3123 1016 3202 probandum
1039 3124 1118 3200 quorl
1133 3125 1169 3184 atl
1186 3123 1241 3184 ecl.
1258 3123 1295 3184 Vl
1310 3123 1350 3185 31
1366 3144 1395 3203 p.
1415 3122 1464 3192 11,

316 3222 406 3287 1511.
431 3243 467 3284 ex
484 3226 556 3284 Aen.
573 3220 687 3284 71202
711 3227 873 3300 ‘liquidum
888 3243 982 3302 super
1002 3227 1146 3286 oetberu'
1170 3245 1225 3305 pro
1248 3227 1465 3302 ‘liquidum-

314 3346 384 3404 que
414 3345 486 3404 per
518 3328 630 3385 ae'ro'
665 3325 838 3394 exhibetur,
873 3335 925 3388 aut
958 3327 1037 3404 quod
1072 3328 1160 3387 etiam
1187 3329 1218 3387 in
1242 3327 1379 3388 Leidensi
1407 3347 1467 3388 uno

318 3430 470 3508 reperitur
493 3431 593 3505 effusa
607 3446 662 3506 pro
686 3427 817 3501 infuso
840 3448 876 3489 ex
893 3428 999 3489 eodem
1015 3428 1092 3488 libro
1108 3449 1133 3488 v.
1152 3426 1213 3489 726
1230 3427 1267 3507 (p.
1287 3427 1336 3499 13,
1351 3427 1393 3490 23
1408 3430 1465 3509 K).

315 3529 377 3590 Soli
410 3529 527 3590 librarii
549 3530 675 3589 fortasse
704 3531 839 3591 inscitiae
868 3530 995 3591 debetur
1023 3535 1146 3591 inmisso
1175 3515 1231 3610 pro
1259 3535 1401 3590 innexa
1430 3551 1467 3591 ex

314 3633 386 3692 Aen.
410 3627 560 3692 7111277
589 3631 738 3710 prolatum
767 3632 803 3691 ad
826 3649 872 3709 ge.
897 3628 986 3691 1166
1010 3632 1048 3710 (p.
1071 3629 1123 3701 46,
1149 3629 1188 3692 19
1210 3632 1273 3709 11,),
1301 3651 1370 3692 nam
1399 3651 1488 3701 sae„

315 3734 439 3813 pissime
461 3751 491 3792 ss
512 3732 622 3794 litteris
644 3753 667 3792 ,3
690 3741 868 3794 commutata
892 3741 951 3793 est:
976 3729 1058 3794 certe
1080 3733 1153 3793 illud
1170 3735 1312 3812 ineptum,
1337 3736 1421 3810 quasi
1436 3737 1465 3794 vi

316 3837 425 3895 iniecta
448 3835 539 3913 capiti
562 3853 672 3895 corona
701 3835 861 3898 diceretur.
914 3835 1072 3914 Aliquanto
1101 3837 1196 3922 magis
1223 3835 1319 3914 placet
1340 3835 1464 3895 Aenll

315 3934 377 3996 691
400 3939 581 4010 augurium,
611 3936 688 4014 quod
711 3955 768 4016 pro
790 3939 938 3997 auxilium
967 3937 1104 3996 codicum
1127 3939 1273 4016 scriptura
1295 3954 1324 4014 p.
1350 3933 1398 4004 14,
1424 3934 1463 3996 ll

314 4039 345 4098 in
369 4037 455 4098 docta
478 4037 526 4098 illa
551 4039 587 4098 ad
611 4039 664 4099 ecl.
692 4036 788 4099 v131
815 4038 989 4114 quaestione
1010 4037 1128 4115 legitur.
1178 4038 1251 4108 Quis
1273 4039 1351 4097 enim
1375 4045 1465 4115 neget

314 4141 446 4218 potuisse
469 4142 560 4201 etiam
583 4143 613 4200 in
643 4143 685 4201 eis
714 4158 790 4218 quae
819 4139 915 4199 obiter
943 4145 1108 4200 tractantur
1134 4141 1274 4218 antiquae
1301 4139 1463 4200 memoriae

314 4243 436 4320 vestigia
458 4241 570 4304 latere?
