3230 5046
335 363 398 429 258
620 385 623 390 ¹
686 427 693 438 ,
780 384 1023 426 Pnouuconnma,

342 561 461 633 poterat
483 553 552 612 dum
575 550 697 612 auribus
713 551 1037 630 ‘excipiunturldictata
1053 559 1158 630 poetae
1173 552 1261 613 verba
1278 571 1367 631 qnam
1385 560 1496 612 mente

215 727 217 740 Ι
337 655 399 716 sola
422 653 531 714 auditis
546 655 624 714 inter
640 652 867 714 describendum
884 653 1074 714 carminibus.
1110 656 1151 714 ‚lc
1166 653 1380 733 synaloepham
1397 656 1494 714 etiam

335 759 366 816 in
400 757 550 818 Ciceronis
579 754 738 834 archetypo
771 755 928 816 admissam
959 757 1052 816 luisse
1080 757 1252 834 nuperrime
1275 755 1430 816 Linlierus
1461 759 1494 816 in

337 857 522 919 Fleckeiseni
545 876 612 917 ann.
637 853 724 918 1865.
740 876 768 936 p.
793 853 856 918 398
879 876 941 936 sqq.
968 859 1104 918 coniecit.
1156 856 1322 934 Vergiliana
1347 857 1494 936 exempla

336 959 409 1020 haec
432 959 557 1020 habeto:

378 1113 409 1173 in
433 1113 542 1191 Mylae,
565 1113 616 1172 «cl.
642 1111 775 1172 Servius:
801 1112 921 1173 *condita
944 1111 1063 1192 Erinys]
1088 1111 1376 1173 CONDITERYNYS
1410 1113 1491 1173 Aen.

538 1213 590 1274 Vll
611 1210 677 1276 570

378 1318 446 1394 Pp:
467 1317 648 1395 spiramenta
672 1314 800 1394 animae]
825 1307 1179 1377 SPIRAMENTANIMAE
1201 1317 1273 1376 Acn.
1296 1315 1333 1375 lX
1356 1312 1426 1376 580

379 1420 423 1486 P:
443 1418 581 1478 Volcano¹
594 1417 801 1497 ecsuperante]
827 1417 1220 1478 VOLCANESVPERANTE
1241 1421 1313 1478 Aen.
1337 1417 1361 1476 ll
1385 1415 1453 1477 311

440 1519 550 1580 audere
573 1517 618 1598 in]
642 1519 808 1580 AVDERlN
830 1520 901 1580 Aen.
925 1519 952 1579 ll
971 1509 1035 1580 '347

379 1624 423 1682 R:
446 1625 505 1681 imo
529 1619 585 1700 cst]
610 1621 723 1682 IMEST
745 1621 817 1681 Aen.
843 1623 866 1681 V
891 1619 951 1682 178

446 1729 543 1783 castra
565 1721 693 1802 Aeneas]
719 1723 984 1784 CASTRAENEAS
1007 1723 1078 1783 Aen.
1102 1723 1140 1783 Xl
1161 1719 1225 1782 446

378 1825 445 1903 ny:
468 1842 515 1884 me
539 1823 667 1904 experti]
691 1825 884 1885 MEXPERTI
905 1825 977 1884 Aen.
1000 1824 1040 1885 Xl
1062 1822 1124 1886 396

382 1947 419 2005 y:
442 1925 538 1987 subita
562 1924 611 2005 ex]
636 1921 751 1986 subitex
773 1927 845 1986 Aen,
869 1927 920 1986 Vll
941 1921 982 1987 95

303 2063 310 2073 ·
379 2047 415 2106 χ.·
438 2029 578 2105 magistro
602 2026 661 2107 est]
685 2024 947 2105 magistrest'Aen.
970 2031 993 2089 V
1015 2025 1087 2088 224.

423 2181 482 2242 Sed
505 2165 911 2260 nostrorumexemplarium
935 2182 1207 2260 antiquissimorum
1224 2186 1362 2240 auctores
1385 2181 1487 2242 homi·

340 2302 392 2344 nes
414 2285 537 2344 luerunt
558 2283 725 2359 ignorantia
750 2290 779 2342 et
800 2290 921 2362 stupore
950 2284 1095 2366 insignes,
1125 2283 1176 2361 qui
1205 2281 1242 2341 de
1272 2290 1356 2342 textu
1384 2261 1506 2343 securi

342 2395 371 2446 et
395 2384 508 2445 litteras
529 2395 563 2444 ut
584 2391 722 2462 poterant
745 2386 910 2464 exprimere
926 2387 1058 2445 contenti
1080 2393 1213 2445 monstra
1236 2384 1395 2444 verborum
1420 2404 1488 2446 sae-

340 2488 462 2567 pissime
484 2487 649 2564 genuerint.
696 2485 769 2546 Cum
792 2495 889 2546 autem
912 2487 1086 2565 quibusdam
1109 2486 1180 2547 locis
1202 2485 1304 2545 redeat
1318 2486 1397 2545 idem
1413 2505 1486 2564 pec·

339 2595 438 2649 catum
460 2590 491 2648 in
514 2585 648 2666 pluribus
672 2587 812 2670 veladeo
834 2589 864 2648 in
887 2586 1047 2668 plerisque,
1070 2590 1161 2648 immo
1184 2589 1215 2648 in
1238 2587 1375 2658 omnibus
1397 2585 1487 2648 libris

338 2691 464 2760 nostris,
494 2688 541 2748 tus
564 2690 661 2748 statim
686 2689 829 2768 exemplis
856 2688 1011 2768 probabile
1040 2691 1072 2750 fit
1099 2707 1160 2749 non
1181 2688 1247 2749 illos
1271 2697 1381 2749 tantum
1405 2691 1487 2750 inter

340 2811 373 2852 se
396 2791 523 2858 adfines,
555 2790 607 2850 sed
637 2809 672 2851 ex
701 2809 761 2850 uno
790 2809 893 2851 omnes
921 2791 1081 2872 archetypo
1104 2773 1281 2851 ortosesse.
1333 2791 1391 2850 Sed
1421 2793 1486 2851 sive

341 2912 418 2955 unus
440 2894 496 2954 luit
517 2893 578 2952 siva
603 2891 703 2971 plures
725 2873 887 2972 archetypi,
912 2911 947 2952 cx
970 2893 1074 2953 eodem
1097 2900 1177 2953 certe
1193 2894 1357 2971 scripturae
1372 2909 1487 2970 genere

341 2993 494 3055 derivandi
517 3001 586 3054 sunt
607 2995 702 3054 nostri
725 3012 837 3054 omnes.
888 2993 955 3053 Fuit
982 3001 1078 3054 autem
1107 2993 1156 3054 illa
1185 3011 1240 3053 nec
1268 3001 1406 3054 accurate
1434 3003 1488 3054 aut

342 3095 435 3156 nitide
459 3089 600 3175 expressa
623 3114 678 3155 nec
706 3095 889 3173 singularum
917 3095 1081 3156 litterarum
1113 3097 1217 3157 formis
1247 3095 1303 3154 sihi
1331 3103 1486 3164 constans,

339 3200 392 3259 sed
422 3199 510 3257 variis
538 3196 641 3276 quales
669 3199 700 3257 in
728 3196 825 3258 tabula
854 3197 1040 3277 lithographa
1068 3198 1224 3258 imitandas
1253 3199 1354 3256 curavi
1382 3199 1486 3258 mixta.

341 3301 421 3360 lnter
445 3316 517 3376 quas
540 3317 663 3358 necesse
685 3306 730 3359 est
752 3301 839 3359 etiam
862 3299 1040 3360 maiusculas
1062 3300 1154 3358 luisse
1176 3297 1279 3359 hasce:

376 3402 400 3462 D
422 3427 465 3454 =
487 3385 509 3460 [l

378 3503 402 3563 E
424 3529 465 3555 =
486 3505 508 3577 Ε

377 3603 400 3662 ες

421 3628 465 3656 ll

488 3599 522 3669 Ἁ-

375 3705 401 4070 -εειῆῑμ

421 3729 466 3962 llllll

421 4035 463 4061 ll

482 3713 516 4074 Qet=⁴⁶

417 4111 462 4171 Ξ

506 4111 626 4188 repperi
649 4129 724 4188 quae
746 4113 825 4172 inter
848 4112 963 4174 litteras

464 4129 482 4171 n

472 4213 495 4272 P

471 4314 496 4373 R

435 4417 565 4476 ·P.

376 4213 400 4475 500

422 4221 451 4358 -ε,
