3276 5050
649 431 890 476 rnonucouuxx.
1277 407 1337 482 141

197 599 256 658 mio
278 617 333 677 per
356 597 488 660 membra
512 602 684 678 soporem',
714 617 774 660 non
788 637 790 644 ,
804 608 836 659 ut
857 599 1052 678 persuaderet
1080 599 1108 658 ei
1130 607 1211 658 certe
1239 616 1338 677 gram·

197 701 304 760 matico
338 699 416 760 unde
448 718 501 760 sua
530 693 681 762 Charisius
715 708 745 760 et
777 699 934 762 Diomedes
968 711 998 761 et
1026 699 1165 761 Claudius
1193 699 1339 761 Sacerdos

197 803 464 880 transcripserunt,
498 803 550 880 qui
583 804 725 862 circuitus
758 803 882 880 figuram
912 801 1068 864 decentem
1096 821 1157 862 nou
1187 804 1339 882 corrumpi

197 891 353 964 senserunt
376 903 482 966 tradita
505 905 535 964 in
558 905 665 965 ceteris
689 903 908 983 exemplaribus
931 906 1079 983 scriptura
1109 903 1240 978 infusus.
1298 907 1339 966 Ac

197 1006 297 1066 nescio
320 1024 358 1066 an
385 1025 475 1085 pravo
499 1006 622 1067 Cornuti
655 1006 800 1085 exemplo,
835 1008 885 1083 qui
919 1006 1122 1067 membrorum
1156 1007 1338 1067 mentionem

197 1108 293 1167 miuus
316 1115 431 1168 cautam
453 1115 620 1178 notaverat,
651 1108 791 1170 seductus
820 1107 913 1169 luerit
946 1115 978 1168 ut
1010 1107 1122 1168 nodum
1152 1107 1232 1185 quod
1259 1109 1340 1170 aiunt

197 1210 227 1268 in
250 1210 348 1286 scirpo
372 1218 537 1287 quaereret.

197 1417 309 1474 auras'
342 1414 413 1474 Aen.
449 1414 500 1474 Vll
532 1409 595 1475 543
628 1432 730 1476 manca
764 1433 829 1475 esse
863 1421 892 1474 et
925 1413 1046 1474 verbum
1080 1412 1227 1490 flagitare,
1263 1431 1338 1493 quae

196 1521 228 1574 ut
263 1517 358 1592 Asper
394 1515 440 1576 bis
476 1523 596 1594 accepta
632 1518 852 1596 praepositione
895 1519 984 1596 ‘per’
1027 1517 1240 1594 interpretatus
1283 1523 1337 1576 est.

140 1611 143 1618 '
196 1615 348 1694 Duplicem
380 1619 444 1696 ipse
477 1619 651 1678 memoriam
683 1621 754 1679 Aen.
789 1619 802 1678 l
834 1614 877 1678 44
908 1620 1079 1698 repperisse
1112 1617 1248 1688 videtur,
1288 1617 1338 1678 ubi

194 1737 249 1797 pro
276 1718 323 1780 bis
351 1718 452 1780 ‘illurn
482 1722 666 1798 expirantem
693 1721 835 1782 transfixo
857 1728 985 1797 pectore
1012 1720 1162 1781 llammas’
1190 1727 1220 1780 et
1248 1721 1336 1780 ‘tem-

190 1823 283 1897 pore'
312 1821 421 1899 legisse
450 1821 591 1892 traditur,
627 1823 706 1900 quod
734 1841 794 1884 non
824 1822 930 1883 collato
960 1829 1073 1886 tantum
1100 1825 1172 1882 Aen.
1203 1821 1242 1882 lll
1274 1817 1337 1882 588

195 1920 370 2001 ‘liquefacto
392 1931 530 2002 tempore
546 1923 672 2007 plumbo
695 1925 825 1995 diltidit’,
850 1923 902 1985 sed
924 1925 1066 2003 picturae,
1090 1925 1209 2001 quaein
1227 1923 1337 2004 templo

194 2024 314 2086 Ardeati
337 2026 468 2095 extabat,
499 2025 635 2105 exemplo
664 2017 859 2087 confirmavit

278 2128 457 2207 Ambiguum
470 2129 583 2189 eiusde
597 2127 660 2189 aliis
672 2145 790 2208 quoque
801 2127 875 2189 locis
888 2135 951 2188 erat
963 2127 1114 2188 iudicium.
1132 2127 1206 2188 Nam
1218 2129 1336 2189 sirecte

195 2237 365 2308 corruptam
377 2229 470 2290 Servii
482 2229 701 2291 adnotationem
713 2229 867 2290 emendavi
875 2231 919 2305 *),
937 2231 1010 2290 Aen.
1023 2229 1063 2289 Xl
1075 2226 1138 2291 566
1149 2231 1180 2289 in
1192 2230 1240 2291 bis
1252 2233 1336 2308 ‘gra-

195 2332 297 2391 mineo
309 2331 419 2392 donum
434 2332 551 2393 Triviae
573 2332 610 2392 de
633 2336 766 2409 caespite
789 2331 885 2392 rellit'
907 2339 957 2392 aut
979 2350 1034 2410 pro
1051 2331 1160 2411 'campo
1176 2335 1338 2412 caespitem

195 2432 303 2493 dictum
327 2441 377 2493 aut
399 2437 511 2495 cortice
533 2434 739 2512 corrigendum
764 2435 961 2502 essestatuit,
986 2441 1019 2495 ut
1042 2433 1136 2495 ‘libro
1158 2441 1188 2494 et
1211 2433 1339 2496 silvestri

196 2533 302 2594 subere
318 2534 464 2597 clausam'
483 2535 610 2614 puellam
627 2555 651 2596 v.
667 2533 731 2598 554
745 2535 880 2614 legimus
919 2535 1074 2615 ltisplicuit
1095 2537 1191 2606 eidem
1207 2538 1339 2614 quamvis

194 2637 342 2698 immerito
356 2641 429 2699 Aen.
446 2639 468 2698 V
484 2635 547 2699 432
570 2643 679 2714 ‘ceper
694 2637 876 2707 anhelitus’‚
903 2640 952 2716 qui
968 2638 1077 2700 Entelli
1100 2640 1181 2699 senis
1195 2637 1340 2700 membris

194 2737 316 2818 quidem
341 2746 371 2799 et
393 2739 471 2800 mole
503 2739 635 2810 valentis,
665 2740 718 2801 sed
747 2743 794 2802 cui
816 2749 915 2802 tamen
949 2740 1052 2802 ‘tarda
1084 2743 1222 2802 trementi
1244 2759 1339 2820 genua

194 2841 313 2902 labant’
337 2849 419 2902 artus
446 2848 542 2902 vastos
565 2849 688 2922 quatere
710 2838 862 2912 narratur,
887 2843 1070 2904 commodius
1092 2843 1170 2904 idem
1193 2843 1339 2922 quadrare

197 2945 275 3004 visus
297 2945 333 3004 ad
356 2945 448 3005 sessos
464 2943 559 3005 Turni
581 2953 672 3016 artus,
697 2946 745 3006 cui
768 2963 828 3004 nou
851 2946 1016 3023 ‘respirare
1038 2948 1187 3025 potestas'
1211 2946 1283 3006 Aen.
1300 2945 1340 3006 lll

195 3041 274 3114 814;
299 3052 327 3105 et
350 3065 415 3112 oum
440 3047 684 3108 consuetudinem
700 3046 895 3125 vergilianam
918 3045 1023 3107 similia
1046 3046 1179 3108 mutandi
1201 3046 1339 3108 observa·

198 3149 287 3217 verit,
315 3148 447 3210 tortasse
481 3151 511 3209 in
544 3151 647 3228 quinto
680 3147 756 3210 libro
790 3166 862 3210 acer
894 3157 1048 3228 praestare
1081 3149 1227 3210 iudicavit.
1282 3149 1339 3211 Alii

198 3257 302 3310 contra
323 3251 423 3312 iuveni
445 3269 568 3330 aegrum
591 3250 753 3312 anhelitum
776 3251 877 3311 minus
899 3269 986 3330 quam
1009 3252 1073 3311 seui
1095 3252 1254 3311 convenire
1270 3270 1338 3312 sen·

195 3352 359 3412 tientes'in
388 3372 468 3424 nono
501 3355 602 3433 potius
635 3353 713 3414 bauo
746 3353 981 3414 emendationem
1015 3352 1171 3414 admittere
1203 3351 1340 3414 volebant

197 3451 325 3530 (Servius
348 3457 419 3542 Aen.
444 3455 484 3516 lll
508 3452 591 3534 814).
637 3455 708 3516 ltlibi
731 3455 850 3535 quidem
873 3463 978 3516 neutro
1000 3441 1065 3516 loeo
1089 3454 1249 3533 quidquam
1272 3473 1339 3516 esse

195 3558 421 3638 vituperandum
443 3558 569 3619 videtur.

278 3662 351 3721 Aen.
381 3659 418 3720 Vl
449 3657 508 3721 177
539 3655 642 3720 dubito
676 3667 777 3721 utrum
810 3659 847 3720 de
880 3659 977 3721 verbis
1009 3677 1128 3740 quoque
1156 3679 1193 3722 an
1216 3659 1253 3722 de
1275 3659 1336 3722 sola
1362 3721 1364 3723 ,

196 3764 341 3823 sententia
375 3761 606 3841 ‘requirendum
647 3761 743 3824 adhuc
778 3765 862 3822 esse'
901 3761 1017 3823 dixerit.
1079 3762 1227 3824 Differuut
1259 3764 1337 3822 enim

195 3862 262 3928 libri
299 3866 454 3944 scripturis
489 3867 650 3941 sepulchro
687 3872 717 3926 et
752 3865 921 3940 sepulchri,
960 3881 1086 3944 quarum
1120 3863 1170 3928 illa
1202 3883 1270 3926 cum
1306 3867 1337 3926 iu

195 3967 242 4044 Pp
271 3973 300 4028 et
327 3986 342 4027 a
370 3985 458 4029 manu
480 3969 581 4047 priore
615 3969 645 4028 ni
678 3964 765 4028 iallor
797 3967 829 4025 in
860 3967 878 4025 b
912 3973 1005 4035 extet,
1035 3985 1050 4026 a
1079 3965 1177 4026 Probo
1210 3967 1337 4028 tortasse

194 4070 346 4148 proposita
375 4076 429 4130 est.
481 4069 555 4130 Nam
584 4077 616 4129 ut
643 4070 700 4131 rite
735 4067 913 4148 sepeliretur
947 4068 992 4129 uel
1026 4067 1206 4129 conderetur
1236 4066 1334 4149 sepul·

194 4239 495 4256 ...-‚......,..........

264 4325 293 4393 ²⁸)
313 4325 448 4378 ‘Probum
471 4329 519 4378 eut
536 4326 631 4378 cortice
651 4330 699 4378 aut
715 4324 812 4392 cespite
829 4339 878 4393 pro
896 4311 1006 4393 cambo,
1025 4306 1134 4378 scilicet
1151 4321 1223 4392 quod
1241 4338 1338 4392 cespes

195 4409 280 4474 gleba
301 4413 360 4464 sit’
396 4414 428 4462 In
446 4413 574 4465 Parisino
589 4413 663 4476 7929,
682 4413 728 4477 qui
746 4412 820 4463 solus
838 4413 918 4463 buius
937 4414 992 4463 loci
1009 4415 1088 4462 testis
1107 4419 1158 4476 est,
1175 4415 1271 4477 cespite
1288 4427 1337 4476 pro

195 4499 291 4545 cortice
310 4496 367 4560 legi
386 4497 479 4548 docuit
498 4497 530 4551 G.
550 4496 639 4561 Thilo,
659 4501 687 4545 et
705 4497 776 4562 apud
796 4497 910 4548 Liouem
928 4498 1024 4562 cespito
1043 4497 1153 4552 editum.

76 1297 80 1308 ’
161 1364 171 1376 ,
226 1355 252 1388 γ.
281 1310 338 1370 Sed
374 1310 460 1373 latuit
492 1314 670 1373 acerrimum
702 1313 838 1373 criticum
871 1311 945 1374 haec
979 1311 1077 1372 ‘caele'
1108 1327 1245 1372 convexo
1278 1329 1339 1388 per
1419 1335 1424 1346 ·

1424 2388 1447 2456 ,1

1413 2449 1450 2666 t
