3230 5046
309 391 374 456 230
757 409 1002 454 eeocnconenn.

393 580 437 641 Ex
458 578 535 640 libro
559 577 723 640 uncialibus
744 576 853 638 litteris
876 578 987 657 scripto
1010 576 1090 637 hunc
1111 575 1245 637 codicem
1268 583 1367 637 ortum
1391 595 1457 637 esse

225 753 231 761 ,
310 681 397 742 docet
425 679 595 758 corruptela
624 678 677 740 ecl.
703 675 821 740 111136
849 680 970 740 ucbrllts
998 697 1053 757 pro
1080 675 1272 739 ACHlLLES.
1323 678 1457 757 Suntque

309 781 380 844 Aen.
405 781 418 842 l
440 779 503 843 310
525 789 555 842 et
575 776 639 840 419
661 779 718 840 boc
741 779 1037 850 charactere'simili
1059 779 1109 839 illo
1132 780 1252 859 quidem
1276 781 1407 842 Vaticani
1431 783 1461 841 Γ

311 885 488 963 scripturae,
513 884 593 961 picti.

395 985 550 1064 bongarsii
573 983 641 1044 olim
665 984 721 1044 luit
744 983 837 1045 codex
859 1000 878 1045 c
899 983 1054 1044 alibrario
1069 983 1283 1062 inperitissimo
1300 981 1455 1063 Latinique

312 1087 458 1149 sermonis
480 1103 606 1165 prorsus
629 1086 734 1164 ignaro
757 1086 894 1164 scriptus,
926 1084 970 1145 vel
993 1086 1094 1164 potius
1117 1084 1229 1145 duabus
1252 1083 1388 1145 manibus
1411 1085 1454 1145 di·

311 1189 414 1258 versis,
438 1204 563 1266 quarum
585 1185 677 1247 altera
700 1187 805 1265 incipit
826 1187 1018 1265 ageorgicon
1033 1185 1111 1246 libro
1126 1184 1268 1247 seeundo.
1300 1186 1457 1248 Continent

304 1291 342 1374 ,in
364 1290 466 1369 priore
494 1294 578 1368 parte
606 1287 740 1366 singulae
772 1289 897 1368 paginae
927 1305 1030 1348 versus
1052 1287 1119 1358 XX,
1141 1279 1184 1347 'in
1215 1286 1308 1351 altera
1330 1287 1454 1348 XXVlll.

313 1391 422 1453 Omissi
444 1407 489 1467 ge.
515 1385 730 1459 111144-75,
759 1389 788 1450 h.
814 1407 839 1450 e.
863 1407 967 1450 versus
990 1388 1110 1458 XXXll,
1144 1389 1195 1468 qui
1217 1389 1345 1450 fortasse
1367 1408 1456 1450 unum

313 1491 467 1570 archetypi
491 1489 594 1551 lolium
617 1489 794 1552 efficiebant.
844 1489 1032 1552 scholiorum
1055 1487 1205 1568 aliquanto
1229 1491 1327 1552 minus
1349 1493 1380 1552 in
1402 1489 1458 1550 hoc

314 1593 392 1654 libro
416 1610 504 1670 quam
527 1592 558 1652 in
580 1594 605 1653 b.

401 1693 520 1755 Contuli
543 1699 657 1754 textum
680 1692 886 1756 librorumoe
906 1695 1073 1772 integrum,
1098 1693 1208 1755 codic-is
1231 1711 1251 1754 α
1274 1711 1325 1755 eas
1347 1700 1459 1755 tantum

314 1802 414 1875 partes
437 1812 512 1876 quae
534 1813 595 1856 non
619 1793 759 1873 leguntur
780 1797 811 1855 in
833 1794 968 1856 Romano
992 1797 1061 1873 (R).
1172 1877 1177 1884 ς

401 1893 449 1974 10)
463 1896 529 1957 Non
547 1895 604 1955 vidi
619 1897 894 1971 Minoruupr‘ensem
911 1899 980 1974 (m),
996 1897 1074 1958 unde
1090 1899 1205 1978 primus
1221 1906 1360 1977 excerpta
1371 1896 1461 1958 edidit

315 1997 473 2062 Hasslerus
494 1999 525 2058 in
548 2013 648 2075 progr.
674 1995 806 2058 Ulmeusi
829 2016 906 2058 anno
931 1994 1030 2067 1855,
1054 2005 1115 2058 lum
1140 2001 1307 2060 accuratius
1330 1997 1367 2059 ab
1390 2017 1459 2058 ano-

315 2117 403 2179 nymo
426 2097 568 2160 collectae
591 2099 756 2177 scripturae
779 2100 809 2158 in
825 2107 1045 2178 programmate
1064 2102 1208 2180 gymnasii
1220 2087 1460 2162 Feldkirelrensis

318 2201 385 2262 anni
412 2196 548 2279 1860p61
571 2197 758 2278 prodierunt.
812 2201 854 2261 De
881 2199 939 2261 boc
968 2200 1087 2280 quidem
1116 2201 1218 2290 codice
1241 2204 1458 2264 enarrationem

242 2343 247 2354 ·
316 2300 496 2362 uberrimam
520 2300 633 2361 diurnis
655 2318 754 2381 gymn.
778 2304 877 2364 Austr.
901 2321 979 2363 anno
1004 2298 1087 2364 1865
1108 2322 1137 2382 p.
1163 2300 1222 2363 141
1247 2321 1312 2383 sqq.
1335 2305 1462 2364 inseruit

316 2401 460 2464 Emanuel
475 2402 679 2464 Hollnrannus.
725 2402 816 2464 Ortus
838 2395 937 2464 autem
960 2403 1053 2464 codex
1069 2404 1119 2465 ille
1135 2424 1171 2464 ex
1185 2404 1459 2465 Praernonstraten·

315 2498 391 2564 sium
415 2502 532 2564 abbatia
543 2503 793 2573 Weissenauensi,
818 2521 893 2581 quae
915 2505 1007 2582 Angla
1023 2505 1120 2566 llinor
1142 2505 1320 2584 appellatur,
1344 2505 1459 2567 sublato

316 2611 419 2666 sancto
442 2603 566 2682 collegio
590 2606 696 2666 Comiti
725 2623 740 2665 a
764 2604 1003 2683 Waldburg·Zeil
1030 2625 1085 2685 per
1113 2606 1285 2668 hereditatis
1313 2608 1460 2669 vicissitu-

317 2707 403 2767 dines
426 2705 568 2775 traditus,
603 2705 682 2784 apud
706 2722 794 2782 quem
817 2724 894 2767 anno
920 2703 1003 2768 1854
1031 2707 1068 2768 ab
1091 2707 1229 2768 llasslero
1252 2708 1377 2770 collatus
1405 2715 1458 2778 est,

317 2808 354 2870 ab
377 2806 428 2867 illo
450 2815 556 2886 postea
578 2806 712 2886 patribus
735 2825 751 2866 a
774 2809 914 2868 societate
937 2808 1005 2869 lesu
1033 2809 1160 2870 donatus
1188 2829 1269 2870 nunc
1296 2812 1326 2871 in
1356 2809 1459 2871 biblio-

318 2907 403 2969 tlreca
428 2927 532 2969 eornm
555 2906 772 2968 Feldbachcnsi
795 2916 882 2970 extat.
928 2909 1065 2972 Continet
1087 2910 1180 2970 codex
1203 2910 1327 2971 membr.
1352 2909 1461 2972 saeculi

320 3009 373 3070 llll
396 3007 582 3088 probabilius
605 3026 693 3086 quam
722 3009 830 3070 decimi
858 3009 992 3071 bucolica
1015 3023 1045 3071 et
1065 3011 1208 3082 Aeneida,
1243 3013 1329 3074 euius
1363 3020 1461 3076 tamen

319 3109 387 3171 lolia
412 3109 555 3190 quaedam
578 3110 747 3170 recentiore
770 3114 990 3192 manuscripta
1013 3121 1092 3174 sunt.
1180 3153 1183 3158 -
1289 3189 1295 3198 ἱ
