3276 5050
300 357 359 422 148
655 347 660 362 “
753 381 997 427 anouuoounux.

226 536 241 620 s
299 549 381 610 Serv.
396 557 425 609 et
435 550 471 609 de
484 549 536 609 ult.
550 549 614 630 syll.
629 569 658 628 p.
671 546 735 611 229
750 550 795 630 Κ.)
814 553 988 631 praecipere
1008 571 1100 632 eaque
1121 553 1185 614 lere
1204 553 1314 614 addere
1326 561 1451 633 poterat,
1507 591 1510 601 ·

299 669 373 730 quae
385 651 536 712 Charisius
553 670 582 731 p.
595 648 636 712 47
655 652 691 712 de
708 655 863 714 nominum
881 655 911 713 in
931 673 948 713 o
966 656 1137 715 exeuntium
1153 656 1232 716 varia
1251 655 1448 717 declinatione

299 753 466 831 congessit?
504 753 563 814 ‘lie
595 761 761 834 temporum
790 758 954 817 conexione
975 754 1126 816 libellum’
1155 758 1220 836 ipse
1245 757 1364 819 Servius
1387 758 1450 819 lau·

298 855 385 926 davit,
403 875 438 917 ex
452 873 510 933 quo
523 855 748 935 intellegeretur
763 857 837 919 haec
858 859 958 919 ‘lusos
971 860 1086 938 patiere
1098 857 1236 919 labores'
1251 860 1322 920 herr.
1331 856 1449 920 vu421

297 965 421 1038 propter
444 959 640 1038 compositum
669 962 825 1039 praeteriti
852 961 999 1040 temporis
1028 961 1215 1040 participium
1246 979 1314 1022 cum
1346 961 1449 1023 luturo

298 1060 372 1121 dura
401 1077 476 1122 esse.
532 1060 605 1121 lnde
633 1061 805 1123 Diomedem
843 1082 896 1124 sua
931 1063 985 1122 ‘de
1019 1060 1226 1123 coniunctione
1262 1065 1449 1141 temporum'

299 1162 338 1242 [p.
360 1159 423 1224 383
447 1179 511 1240 sqq.
536 1161 580 1240 Ρ.)
606 1165 794 1243 excerpsisse
816 1163 932 1224 lleilius
954 1163 1010 1225 vol.
1035 1164 1207 1243 llllpraef.
1231 1183 1260 1244 p.
1276 1163 1343 1225 XlX
1367 1165 1448 1225 etin

297 1264 430 1344 symbola
452 1264 556 1345 philol.
579 1266 673 1328 Bonn.
697 1286 725 1346 p.
751 1263 792 1326 94
814 1284 858 1344 sq.
883 1267 1067 1346 significavit.

383 1402 543 1463 Praeterea
565 1396 766 1480 grammaticis
788 1401 874 1463 libris
898 1403 1053 1463 vindicavit
1074 1391 1190 1464 lleilius
1212 1404 1308 1483 prael.
1331 1422 1359 1482 p.
1378 1401 1445 1463 XlX

298 1505 461 1566 concessivi
483 1506 594 1566 iuveris
618 1504 698 1583 (Aen.
721 1503 746 1564 X
770 1501 821 1583 33)
846 1498 1072 1582 explicationem
1096 1504 1203 1566 collato
1219 1505 1368 1566 diomedis
1392 1504 1447 1564 ‘de

242 1686 244 1694 J
298 1607 398 1685 specie
433 1607 621 1667 concessiva’
657 1607 753 1686 capite
786 1625 814 1685 p.
838 1601 901 1666 396
926 1623 970 1686 sq.
994 1606 1040 1676 tt,
1074 1608 1252 1667 infinitivum
1273 1606 1449 1667 historicum

297 1725 427 1784 carpere
448 1709 480 1769 in
503 1707 622 1769 scholiis
637 1707 845 1784 Bernensibus
864 1706 900 1768 ad
923 1725 969 1785 ge.
993 1708 1049 1769 llll
1073 1705 1135 1770 134
1156 1714 1290 1770 notatum
1315 1707 1363 1785 (cl.
1380 1707 1449 1769 Phi-

297 1808 406 1889 largyr.
440 1817 469 1870 et
497 1809 657 1872 Diomedes
685 1828 714 1889 p.
738 1806 802 1870 340
824 1827 868 1887 sq.
892 1809 945 1880 ll.‚
976 1809 1088 1870 lleilius
1115 1810 1209 1890 prael.
1239 1829 1268 1890 p.
1296 1809 1395 1889 XXll),
1421 1817 1450 1869 et

297 1913 362 1990 ipsa
392 1911 540 1973 Catholica
575 1931 605 1992 p.
631 1909 681 1983 17,
705 1907 726 1971 2
748 1911 783 1971 Κ.
818 1919 942 1990 propter
975 1913 1146 1990 genetivum
1179 1915 1303 1973 iacturis
1334 1910 1450 1971 laudari

298 2014 400 2074 statuit
422 2013 501 2093 apud
524 2014 661 2076 Servium
685 2013 721 2074 ad
744 2014 816 2073 Aen.
840 2013 866 2074 ll
891 2009 939 2074 15.
979 2013 1078 2076 Minus
1106 2021 1221 2075 certum
1252 2013 1356 2074 eodem
1379 2032 1448 2073 auc·

298 2123 372 2187 tore,
396 2121 497 2179 utrum
521 2134 557 2177 ex
580 2116 684 2204 eodem
708 2115 880 2189 Catholicon
903 2113 968 2176 loeo
992 2135 1029 2176 an
1054 2134 1089 2176 ex
1113 2116 1326 2176 commentario
1348 2115 1449 2191 Vergi-

296 2216 375 2278 liano
396 2220 489 2298 petita
512 2219 571 2280 sint
593 2218 630 2279 ad
651 2219 723 2279 den.
748 2217 785 2277 Vl
808 2213 870 2278 866
893 2217 1033 2277 adnotata
1044 2217 1083 2294 *).

386 2355 467 2426 Quae
490 2356 588 2415 omnia
612 2354 680 2414 licet
709 2353 824 2413 definiri
852 2360 981 2432 nequeat
1007 2353 1038 2412 in
1066 2370 1124 2431 quo
1152 2353 1341 2432 potissimum
1370 2351 1448 2413 libro

301 2455 416 2534 prolata
438 2458 506 2525 sint,
531 2463 612 2517 certe
635 2455 705 2535 quid
729 2454 853 2532 siugulis
868 2453 992 2532 Vergilii
1007 2452 1081 2514 locis
1103 2473 1120 2514 a
1142 2471 1174 2514 se
1196 2455 1328 2515 tractatis
1343 2453 1450 2532 legerit

300 2557 438 2636 berytius
461 2543 673 2636 grammaticus
701 2557 874 2634 gravissima
901 2555 1048 2633 praebent
1074 2556 1258 2626 testimonia,
1289 2575 1364 2636 quae
1386 2556 1448 2635 ple·

299 2661 366 2720 nius
396 2659 465 2720 olim
496 2659 596 2737 colligi
623 2665 778 2738 poterunt,
813 2665 971 2737 postquam
999 2655 1195 2734 reliquiarum
1226 2656 1331 2718 Valerii
1358 2657 1449 2718 Probi

301 2781 409 2842 corpus
433 2760 535 2823 eadem
560 2759 712 2838 diligentia
735 2761 904 2822 conlectum
929 2759 999 2829 erit,
1023 2758 1103 2838 quali
1126 2759 1324 2821 Suetonianae
1348 2761 1448 2821 erudi·
1526 2750 1529 2759 ⁴

300 2864 390 2924 tionis
414 2857 489 2941 quae
512 2870 674 2940 supersunt
688 2860 952 2924 lieillerscheidius
974 2862 1206 2923 reconcinnavit.
1252 2863 1375 2923 Interim
1399 2861 1449 2922 ad·

296 2966 378 3026 intus
408 2967 459 3036 eis,
489 2983 564 3044 quae
586 2965 621 3030 Η,
644 2963 772 3034 lleilius,
802 2962 1063 3035 llretzschmeruS,
1095 2963 1276 3026 Mercklinus
1303 2963 1322 3022 l.
1344 2963 1381 3031 l.‚
1409 2963 1447 3023 M.

300 3067 438 3129 Hertzius
469 3069 508 3146 (in
532 3067 781 3128 commentatione
809 3065 846 3126 de
869 3064 962 3127 Gellio
991 3072 1020 3126 et
1041 3067 1136 3128 Nonio
1166 3064 1322 3126 annalibus
1344 3063 1448 3126 Fleck-

299 3171 392 3231 eiseni
426 3190 451 3232 a.
488 3166 570 3231 1862
603 3171 716 3231 inserta
746 3188 775 3248 p.
806 3165 869 3230 780
891 3168 967 3247 sqq.)
1003 3171 1149 3248 sagaciter
1171 3165 1447 3237 animadverterant,

302 3274 460 3343 extremis,
484 3279 518 3334 ut
540 3273 637 3343 aiunt,
653 3271 760 3332 *labris
782 3290 876 3352 pauca
899 3270 1059 3350 quaedam,
1083 3287 1158 3350 quae
1182 3269 1217 3330 ad
1242 3277 1354 3330 textum
1377 3270 1443 3330 Ver·
1485 3317 1487 3323 .

298 3373 360 3451 gilii
383 3380 562 3454 spectarent,
587 3373 723 3434 delibavi.

383 3509 504 3588 Legisse
527 3511 632 3588 igitur,
661 3517 694 3570 ut
721 3508 772 3568 nbi
800 3516 902 3569 nostra
930 3507 1018 3568 lectio
1042 3509 1135 3568 variat
1157 3506 1293 3588 exempla
1316 3508 1447 3579 afferam,

302 3610 433 3672 Probum
462 3612 567 3672 testari
594 3609 709 3670 videtur
738 3609 888 3671 Charisius
911 3627 958 3688 ge.
987 3609 1041 3670 llll
1068 3606 1108 3670 88
1138 3611 1233 3680 umbo,
1277 3611 1386 3677 Aemi
1407 3609 1450 3672 30

300 3715 422 3784 Achilli,
455 3714 477 3774 V
500 3709 561 3774 531
586 3713 728 3782 Acesten,
759 3710 918 3792 Diomedes
940 3712 1012 3771 Aen.
1037 3711 1091 3771 llll
1113 3707 1175 3772 427
1198 3715 1318 3782 recelli,
1347 3709 1449 3773 X108

290 3815 372 3891 fuat,
404 3815 575 3876 Priscianus
607 3831 652 3892 ge.
685 3813 697 3874 l
725 3809 787 3874 261
817 3792 945 3885 obtunsi,
979 3813 1007 3873 ll
1035 3809 1099 3874 250
1120 3816 1269 3883 lentescit,
1303 3810 1367 3875 425
1394 3833 1448 3875 nu-

298 3987 603 4013 .b...——.-

372 4101 397 4166 *l
420 4102 543 4156 Servius:
563 4103 678 4166 ‘iustam
697 4101 858 4165 similitudo,
878 4105 905 4151 et
924 4105 966 4152 est
978 4117 1087 4165 nomen,
1107 4101 1178 4166 quod
1190 4117 1245 4152 non
1257 4102 1358 4168 recipit
1370 4119 1450 4168 prae·

299 4188 476 4253 positionem.
495 4189 531 4238 od
548 4189 631 4237 instar
645 4188 718 4236 enim
732 4202 787 4237 non
800 4186 925 4249 dicimus,
944 4188 1013 4252 quod
1024 4186 1125 4238 Probus
1137 4188 1267 4238 derlorot’
1288 4187 1339 4251 (sic
1351 4187 1450 4252 Regin.

302 4269 393 4336 1674).
430 4273 516 4335 Quae,
537 4272 561 4321 si
579 4287 673 4325 verum
693 4276 736 4321 est
754 4271 826 4335 quod
844 4271 988 4320 Parisinus
1006 4272 1072 4321 ’1929
1090 4272 1207 4336 praebet
1229 4273 1384 4334 ‘declivaot’,
1414 4272 1448 4320 ad
1499 4295 1501 4300 ·

298 4357 375 4407 illum
396 4356 561 4406 Catholicon
580 4356 671 4406 locum
695 4361 771 4406 certo
789 4357 955 4407 resonantur.
992 4355 1035 4410 Cf.
1055 4356 1132 4410 Serv.
1156 4357 1191 4406 cd
1209 4357 1278 4412 Aen.
1297 4359 1324 4407 ΙΙ
1345 4359 1376 4406 15
1394 4360 1448 4406 ‘in-

296 4450 353 4492 ator
371 4457 469 4492 nomen
489 4447 531 4492 est
549 4441 756 4502 indeclinabile,
776 4441 844 4492 licet
861 4441 967 4492 Probus
985 4443 1091 4492 iactaris
1109 4441 1318 4496 declinaverit)
