3276 5050
605 371 865 416 -rnonccounnn
1274 350 1315 418 79

168 547 281 602 aestate
310 539 355 601 vel
383 547 543 600 auctumno
565 537 689 618 Libycas
718 558 786 600 oras
815 540 969 601 advenisse
999 539 1133 602 videatur
1156 541 1207 623 (ΙΙΙ
1230 539 1314 619 715).

170 641 315 704 Similiter
336 642 368 701 in
391 642 553 720 georgicon
576 649 606 701 et
628 641 667 701 lll
691 637 753 702 190
775 645 842 722 equi
865 643 1000 703 exerceri
1026 641 1170 704 iubentur
1202 643 1315 704 ‘tribus

170 745 281 804 exactis
304 742 356 804 ubi
377 752 481 822 quarta
504 745 654 822 acceperit
675 749 802 812 oestos'‚
828 753 857 803 et
879 739 1009 805 1111207
1027 762 1116 822 apum
1131 764 1168 806 ex
1190 745 1316 806 lloribus

169 845 402 906 mellificantium
425 853 505 906 aetas
527 845 679 906 delinitur:
711 849 826 923 ‘neque
855 847 934 905 enim
962 844 1029 923 plus
1051 847 1176 924 septima
1199 847 1316 908 ducitur

169 952 295 1008 aestas'.
340 947 449 1008 Mirum
471 955 571 1007 tamen
605 954 713 1016 manet,
748 947 779 1005 in
812 946 919 1007 hiemis
952 947 1033 1006 exitu
1065 965 1126 1007 non
1156 947 1315 1028 adpropin-

170 1065 263 1126 quare
285 1057 461 1126 sequentem
483 1055 626 1112 aestatem
649 1047 702 1108 sed
724 1050 917 1128 praeteritam
939 1049 1056 1110 iamiam
1079 1040 1116 1109 ad
1138 1051 1227 1110 finem
1250 1067 1315 1110 ver·

168 1169 240 1229 gere
263 1151 331 1212 dici.

254 1253 348 1314 Immo
370 1254 468 1333 ipsum
490 1254 581 1332 primi
601 1252 672 1314 libri
702 1254 814 1313 exitum
842 1254 931 1313 etiarn
959 1252 1036 1314 hanc
1066 1251 1104 1312 ob
1128 1271 1247 1315 causam
1269 1255 1315 1314 in·

168 1355 274 1436 probo,
298 1354 377 1434 quod
400 1373 461 1415 non
482 1353 774 1433 intellegitm·,unde
796 1353 917 1416 tandem
940 1357 1044 1433 regina
1058 1356 1147 1416 istum
1170 1374 1322 1417 annorum

168 1475 328 1519 numerum
351 1458 524 1535 cognoverit
547 1465 577 1517 et
591 1475 646 1517 cur
661 1459 782 1518 omnino
800 1458 1086 1518 commemoraverit.
1111 1457 1204 1535 ldque
1218 1459 1316 1538 ipsum

169 1561 307 1638 antiquos
332 1560 452 1620 criticos
475 1559 656 1636 quaesivisse
679 1557 768 1619 docet
790 1559 886 1619 Servii
908 1559 1071 1640 adnotatio:
1102 1561 1234 1638 ‘septem
1263 1579 1314 1621 au·

167 1671 227 1723 tem
251 1679 345 1722 anuos
368 1679 434 1721 esse
456 1660 531 1721 Dido
554 1661 690 1738 cognovit
713 1679 750 1720 ex
772 1661 917 1722 Teucro'.
965 1659 1083 1721 Scilicet
1105 1662 1249 1721 memoria
1272 1671 1315 1720 te·

171 1763 263 1824 nebat
284 1763 359 1825 Dido
388 1781 498 1822 annum
521 1763 642 1823 Troiani
671 1762 792 1832 excidii,
828 1763 866 1823 de
894 1781 953 1842 quo
981 1762 1097 1822 Teucer
1130 1761 1198 1822 olim
1224 1757 1316 1843 (619),

170 1883 239 1926 cum
262 1864 372 1926 Sidona
394 1865 540 1933 venisset,
570 1865 629 1943 ipsi
657 1871 830 1926 narraverat
852 1860 949 1944 (623),
979 1873 1008 1924 et
1035 1864 1104 1924 inde
1127 1866 1316 1942 computavit,

168 1975 244 2044 quot
269 1985 362 2026 annos
385 1964 577 2026 circumlatus
608 1973 687 2027 esset
715 1965 835 2046 hospes
887 1965 972 2036 Quod
1001 1984 1068 2026 cum
1096 1965 1169 2025 milri
1198 1965 1316 2045 quidem

166 2070 240 2129 satis
261 2069 400 2147 Ineptum
423 2067 566 2138 videatur,
592 2068 692 2128 nescio
708 2085 745 2127 an
762 2067 909 2146 Vergilius
924 2066 997 2127 haec
1012 2074 1126 2127 tantum
1143 2067 1314 2144 reliquerit:

320 2190 419 2246 ‘immo
443 2207 499 2266 age„
516 2198 543 2246 et
566 2208 579 2246 a
603 2192 688 2265 prima
713 2190 769 2253 die,
798 2191 914 2264 hospeS,
947 2191 1052 2263 origine
1075 2181 1153 2246 nobis

321 2275 450 2332 insidias'
474 2277 564 2349 inquit
589 2275 725 2332 ‘llanaum
749 2292 885 2349 casusque
908 2283 1017 2331 tuorum

322 2377 486 2434 erroresque
508 2369 571 2417 tuos
582 2362 608 2392 ²*

176 2468 277 2520 cetera
299 2457 495 2538 interpolator
517 2460 658 2538 antiquus
680 2458 836 2520 addiderit.

256 2578 337 2638 Inter
358 2595 472 2638 nonum
496 2585 525 2638 et
547 2579 683 2657 quintum
705 2576 814 2639 librum
842 2595 918 2656 quae
948 2576 1113 2638 intercedat
1140 2579 1215 2637 ratio
1239 2577 1314 2640 Con-

167 2681 239 2742 rads
261 2699 290 2760 p.
314 2679 380 2740 Vlll
403 2688 432 2739 et
454 2678 548 2740 Xlllll
577 2681 759 2759 significavit.
810 2679 944 2741 Meminit
973 2680 1052 2738 enim
1081 2678 1121 2738 ΙΙΙ
1143 2675 1204 2740 217
1229 2681 1316 2741 Nisus

169 2781 254 2842 urbis
276 2783 401 2843 Acestae
428 2782 460 2840 in
489 2779 588 2842 Sicilia
615 2782 752 2843 conditae
774 2783 797 2841 V
820 2777 896 2852 750,
932 2797 1111 2859 quamquam
1138 2781 1217 2860 qnod
1246 2782 1317 2841 dicit

171 2883 265 2945 solam
289 2881 408 2963 Euryali
430 2889 556 2943 matrem
579 2891 679 2963 spreta
701 2883 750 2942 illa
774 2877 851 2944 sede'
867 2886 987 2944 Aenean
1016 2881 1159 2943 etlilium
1184 2890 1315 2944 secutam

170 3005 237 3047 esse
259 2985 320 3046 illic
342 3004 402 3045 non
425 2993 617 3046 memoratur.
663 2985 737 3044 ltcm
760 2987 897 3046 convenit
919 3003 987 3046 cum
1010 2985 1121 3061 quinto,
1146 2984 1225 3060 quod
1248 3003 1315 3045 eum

167 3087 355 3166 ‘Argolicum
379 3095 527 3148 terrorem
549 3089 627 3147 inter
650 3087 816 3167 Troiaeque
838 3086 974 3176 labores'
1000 3081 1142 3168 (1X202)
1166 3084 1314 3146 sublatum

168 3196 201 3250 et
225 3189 373 3250 eruditum
399 3208 465 3250 esse
486 3187 633 3268 Euryalus
662 3187 731 3249 ‘ora
758 3207 833 3267 puer
861 3191 959 3268 primo
987 3189 1107 3266 signans
1129 3188 1248 3248 intonsa
1269 3189 1314 3248 iu·

168 3295 275 3351 venta’
300 3287 382 3372 (181)
406 3311 438 3352 se
460 3291 626 3371 praedicet,
655 3308 778 3352 necesse
807 3299 852 3351 est
879 3309 938 3351 non
962 3291 1060 3350 minus
1082 3297 1197 3369 septem
1221 3307 1315 3349 annos
1383 3289 1386 3293 ’

170 3400 323 3454 errantem
346 3395 466 3454 Aenean
489 3394 520 3452 in
543 3411 622 3453 nono
645 3410 764 3472 quoque
788 3393 906 3454 tinxerit
932 3401 1028 3472 poeta.
1079 3393 1188 3453 Mirum
1215 3400 1314 3453 tamen

169 3494 249 3576 quod
273 3493 322 3554 hic
346 3513 389 3553 vv.
415 3491 476 3555 176
499 3513 562 3574 sqq.
587 3496 627 3556 ita
650 3493 860 3555 describuntur
882 3493 971 3555 Nisus
994 3501 1024 3554 et
1045 3493 1202 3574 Euryalus,
1232 3495 1315 3570 quasi

168 3615 332 3676 numquam
361 3603 446 3656 antea
475 3598 587 3656 mentio
616 3614 719 3656 eorum
746 3598 823 3656 lacta
852 3603 939 3658 esset.
984 3596 1097 3656 'lamen
1120 3597 1143 3656 V
1165 3581 1229 3656 294
1250 3575 1333 3675 sqq.)

167 3703 199 3759 in
224 3699 388 3758 certamine
410 3700 489 3758 inter
512 3715 649 3758 cursores
674 3700 813 3759 eminent.
866 3697 950 3760 Unde
977 3697 1171 3778 probabiliter
1194 3697 1313 3773 efficies,

168 3801 247 3860 lranc
270 3807 351 3860 certe
375 3800 471 3876 quinti
492 3798 561 3860 libri
583 3807 698 3878 partem
721 3796 908 3879 (teo-361)
925 3807 993 3878 post
1006 3799 1080 3860 illud
1096 3798 1175 3878 quod
1191 3799 1220 3858 in
1236 3817 1315 3859 nono

169 3901 249 3962 libro
274 3909 318 3960 est
340 3901 378 3962 de
400 3901 471 3962 Niso
495 3910 524 3962 et
545 3901 672 3982 Euryalo
696 3901 860 3980 episodium
885 3897 1072 3979 (tto-503)
1097 3908 1194 3961 ortum
1218 3919 1292 3962 esse.

252 4002 391 4064 Ceterum
415 4005 518 4082 quinto
541 4002 618 4064 libro
642 4021 811 4082 supremam
834 4021 954 4064 manum
978 4003 1107 4064 deluisse
1130 4004 1200 4063 satis
1214 4003 1315 4063 multis

163 4106 305 4187 proditur
330 4104 459 4166 indiciis.
505 4105 696 4166 llemistichia
720 4125 799 4166 nunc
815 4124 932 4185 quoque
948 4108 976 4165 in
993 4105 1130 4166 omnibus
1144 4105 1228 4166 libris
1241 4104 1314 4166 lraee

164 4215 295 4268 restant:
319 4203 391 4266 294.
415 4203 486 4267 322.
511 4203 583 4268 574.
608 4204 679 4268 653.
705 4204 775 4268 792.
799 4204 870 4277 815,
896 4209 946 4268 sed
969 4227 1068 4287 panno
1084 4207 1189 4268 adsuto
1203 4209 1233 4268 in
1250 4208 1314 4284 qui·

167 4309 295 4372 busdam
318 4308 396 4369 male
420 4309 569 4388 expletum
592 4305 663 4369 595.
714 4308 751 4369 Et
773 4309 860 4369 simili
882 4308 959 4369 lusui
989 4309 1058 4370 alibi
1081 4327 1199 4387 quoque
1221 4310 1312 4368 inter·

165 4411 319 4491 polatores
341 4409 500 4471 indulsisse
523 4412 673 4490 suspicor:
704 4431 729 4471 v.
756 4408 824 4471 120.
849 4407 912 4470 403
936 4411 996 4488 (ulti
1023 4419 1142 4490 praeter
1165 4429 1208 4479 ea,
1238 4427 1313 4486 quae
