3212 5042
610 437 852 483 raounaonam.
1259 417 1302 484 35

146 606 231 668 bium
255 615 318 675 est,
349 607 420 682 quin
442 605 621 684 ‘generandi
651 603 745 682 gloria
768 605 881 666 mellis'
910 605 946 666 ad
976 605 1106 668 studium
1128 605 1199 668 illud
1223 608 1300 668 rele-
1407 581 1412 590 ⁸

148 708 245 769 reuda
274 709 329 778 sit,
365 709 497 784 quamvis
520 714 550 767 31
571 707 682 768 rectius
705 715 734 768 et
760 709 853 786 magis
875 708 1066 788 perspicuum
1090 709 1303 784 ‘promendae

148 814 255 886 pluria
283 812 399 888 prolis'
436 810 570 870 futurum
585 797 690 870 'luisse
719 811 852 872 monenti
881 809 1006 882 Tittlero
1035 830 1063 889 p.
1092 807 1113 870 6
1141 810 1301 874 adsentiar.

150 913 313 974 Praeterea
347 913 373 972 si
406 911 442 972 de
470 911 628 991 periculis,
659 929 735 989 quae
763 915 794 972 13
823 911 998 989 colligendis
1020 911 1146 973 floribus
1177 913 1303 976 subeant

150 1033 232 1095 apes,
259 1014 397 1075 dicturus
420 1020 484 1074 erat
506 1020 603 1092 poeta,
636 1013 777 1074 uberiora
800 1013 1039 1092 expectabamus.
1088 1014 1180 1091 idque
1202 1017 1301 1096 ipsum

150 1116 283 1179 formula
307 1118 415 1194 ‘saepe
439 1116 546 1176 etiam'
570 1115 850 1184 indicare'videtur,
881 1132 1045 1192 quaecum
1069 1117 1099 1176 13
1123 1115 1194 1178 33113
1216 1135 1302 1196 geor·

151 1220 228 1296 giris
256 1217 336 1296 apud
366 1215 527 1295 Vergilium
556 1216 686 1295 legatur,
720 1235 866 1294 nusquam
900 1197 961 1278 non
994 1219 1035 1278 113
1063 1225 1238 1297 usurpatur,
1270 1227 1302 1280 nt

152 1323 340 1382 enumeratis
375 1318 510 1398 plumbus
544 1338 652 1379 novum
681 1319 829 1397 quoddam
860 1319 963 1380 eodem
999 1328 1136 1398 spectans
1165 1320 1302 1382 addatur:

152 1426 190 1486 31.
222 1419 310 1485 184.
335 1418 408 1484 322.
433 1417 497 1482 365
533 1418 754 1482 1111324119
798 1417 929 1482 111142.
981 1422 1045 1493 Quo
1074 1422 1188 1482 accedit
1216 1424 1304 1484 etiam

153 1524 361 1586 conclusionis
384 1523 512 1601 gravitas
535 1523 695 1602 quaedam:
720 1523 839 1584 ‘tantos
861 1525 961 1584 amor’
985 1542 1009 1584 3.
1028 1540 1056 1600 q.
1074 1542 1108 1591 3.,
1134 1525 1184 1603 qni
1208 1541 1302 1602 quan·

153 1635 202 1689 133
233 1634 315 1688 33331
348 1623 476 1685 debebat
508 1624 596 1704 paulo
629 1626 778 1703 copiosius
812 1626 955 1686 enarrari.
1013 1625 1100 1685 Certe
1135 1633 1304 1706 comparata

153 1729 286 1790 currulis
311 1726 482 1788 certaminis
505 1726 705 1805 descriptione
730 1726 778 1804 (ΙΙΙ
796 1723 876 1805 112),
901 1745 976 1805 quae
998 1725 1110 1788 eisdem
1126 1727 1189 1788 lere
1205 1727 1303 1788 verbis

152 1831 349 1914 terminatur:
375 1834 493 1890 ‘tantus
516 1847 599 1888 amor
614 1826 742 1897 laudum,
766 1835 894 1888 13313331
909 1829 1031 1888 victoria
1047 1832 1163 1898 curac’,
1189 1828 1304 1890 exilitas

155 1931 303 2010 quaedam
329 1948 468 1991 versuum
491 1938 664 1991 nostrorum
687 1937 819 2008 apparet.
851 1930 961 1990 1133333
983 1937 1084 1991 autern
1105 1930 1162 1991 boc
1184 1931 1303 2008 quidam

153 2033 219 2094 loco
241 2032 382 2094 lacillime
402 2038 537 2112 possunt.

239 2187 339 2258 Quare
367 2185 457 2246 alium
491 2187 533 2245 eis
563 2183 660 2246 locum
684 2183 869 2245 Schraderus
897 2191 964 2270 post
988 2203 1012 2246 v.
1040 2181 1100 2246 196
1131 2184 1234 2264 elegit,
1270 2194 1316 2246 ut·

153 2307 225 2350 sane
248 2287 357 2348 babeat
378 2291 490 2366 ‘saepe
508 2288 613 2348 etiam'
637 2285 761 2347 alterum
786 2289 911 2366 ‘saepe'
935 2289 971 2362 (v.
998 2283 1067 2366 194)
1101 2302 1160 2363 quo
1189 2287 1300 2348 331333-

156 2398 213 2452 tur.
256 2392 293 2452 Α1
316 2408 392 2468 quae
415 2407 517 2448 amore
540 2387 649 2450 ilornm
671 2387 811 2467 abreptae
835 2388 963 2448 errando
985 2389 1014 2448 13
1039 2387 1154 2449 cotibus
1178 2398 1303 2450 niortem

155 2491 282 2561 obeunt,
307 2491 444 2550 videntur
459 2499 558 2552 tamen
575 2489 652 2551 ultra
668 2497 748 2550 tutos
764 2491 838 2550 11333
860 2490 977 2568 longius
1000 2509 1015 2550 3
1031 2491 1118 2552 133113
1133 2493 1302 2561 recessisse,

129 2575 133 2582 ¹
156 2603 188 2654 ut
211 2611 279 2655 cum
304 2595 356 2662 cis,
381 2610 457 2670 quae
480 2610 518 2652 33
542 2593 620 2652 venti
643 2593 755 2672 impetu
778 2593 950 2652 auferantur
979 2600 1008 2652 et
1030 2591 1174 2654 brevitate
1197 2612 1302 2654 excur-

156 2715 208 2756 sus
231 2703 261 2755 et
284 2693 393 2774 lapillis
417 2701 530 2762 cavent,
562 2695 700 2772 componi
728 2713 787 2754 333
811 2695 927 2772 possint
954 2695 1012 2754 nisi
1038 2694 1094 2755 bac
1122 2704 1236 2756 meme:
1266 2713 1304 2755 ne

159 2796 346 2877 sicquidem
370 2814 419 2856 eas
442 2812 561 2872 semper
576 2793 741 2856 incolumes
764 2815 779 2854 a
803 2803 979 2872 tempestate
1002 2798 1123 2857 servari.
1169 2797 1229 2856 Hac
1252 2815 1302 2858 au·

160 2908 219 2960 tem
243 2899 391 2959 333133113
413 2914 506 2973 coepe
526 2900 617 2956 eriam
639 2905 720 2958 recte
743 2916 776 2957 se
798 2896 918 2965 habere,
943 2916 1002 2957 non
1025 2915 1114 2976 saepe
1136 2907 1236 2958 133333
1258 2897 1303 2957 331

153 3004 198 3062 sic
219 3007 310 3062 etiam
328 2998 486 3060 dicendum
503 2999 596 3058 luisse
610 2997 714 3059 vellem
731 2999 880 3059 docuisset
895 2999 1046 3069 Tittlerus,
1071 3018 1130 3060 non
1147 3000 1302 3061 adsevera-

157 3104 254 3162 risset.
300 3101 435 3180 Denique
457 3106 538 3160 totus
553 3099 636 3161 locus
651 3099 720 3162 inde
737 3119 752 3160 a
768 3119 793 3160 v.
813 3097 872 3161 191
890 3103 1027 3186 quioniam
1050 3119 1110 3162 non
1127 3120 1162 3161 eo
1179 3109 1301 3180 spectat,

158 3212 191 3264 ut
213 3210 357 3284 quantum
381 3204 419 3262 sit
442 3220 531 3281 apum
553 3203 585 3262 13
608 3201 709 3262 labore
731 3202 903 3282 peragendo
926 3203 1065 3272 studium,
1089 3204 1179 3263 immo
1196 3211 1304 3280 quanta

160 3304 319 3385 prudentia
344 3305 447 3381 iniquo
470 3311 605 3384 tempore
628 3298 759 3383 parcant
773 3303 829 3364 sibi
845 3311 1051 3382 cognoscatur,
1075 3323 1134 3365 non
1150 3306 1221 3364 satis
1236 3311 1304 3382 apte

157 3405 345 3467 concluditur
368 3425 394 3464 v.
418 3402 496 3476 205,
526 3423 582 3465 nec
610 3406 634 3464 si
663 3405 771 3465 invitae
794 3407 873 3466 venti
896 3405 1032 3466 violentia
1054 3405 1084 3466 13
1108 3423 1210 3484 aspera
1240 3403 1303 3464 loca

156 3507 273 3572 dolatae
296 3508 452 3588 perierint,
475 3506 593 3568 laudem
616 3507 736 3568 omnino
759 3515 938 3568 mereantur.
968 3507 1025 3567 Sed
1042 3525 1078 3567 ne
1094 3515 1164 3567 sunt
1186 3505 1302 3583 (paridem

157 3612 266 3671 invitae
291 3607 415 3678 delatae,
439 3627 515 3687 quae
538 3609 637 3669 ‘ultro
659 3609 785 3668 animam
809 3607 864 3669 sub
887 3609 967 3669 13333
990 3607 1128 3670 dedere'.

243 3763 347 3840 ltaque
375 3761 530 3823 reicienda
558 3759 718 3822 Schraderi
745 3763 836 3830 ratio,
865 3780 953 3840 quam
985 3781 1044 3822 non
1073 3761 1158 3822 video
1186 3761 1303 3821 Tittleri

156 3863 358 3942 disputatione
381 3859 447 3942 pti
469 3864 564 3940 magis
587 3863 732 3924 firmatam
756 3881 830 3932 esse,
855 3871 885 3922 et
899 3863 1057 3924 videndum
1080 3881 1116 3924 33
1141 3861 1214 3922 baec
1236 3882 1303 3942 pos-

155 3968 214 4026 sint
243 3966 394 4043 componi:
428 3961 492 4025 215
526 3962 596 4024 ‘ille
625 3981 749 4043 operum
779 3971 893 4035 333133,
930 3963 1013 4025 illum
1041 3964 1240 4034 admirantur,
1276 3975 1305 4024 31
1338 3991 1343 4002 ·

156 4085 261 4128 omnes
279 4067 480 4127 Circumstant
502 4067 622 4127 fremitu
646 4065 739 4126 denso
762 4069 931 4146 stipantque
953 4068 1134 4145 trequentes,
1158 4067 1193 4126 Et
1214 4084 1306 4142 saepe

157 4168 297 4230 attollunt
326 4169 439 4228 umeris
469 4176 499 4228 et
528 4187 654 4247 corpora
677 4167 756 4228 bello
780 4168 936 4229 Obiectaut
964 4167 1177 4246 pulchramque
1199 4177 1305 4246 petunt

155 4287 209 4348 per
231 4269 356 4330 volnera
380 4275 516 4332 mortem.
569 4269 670 4346 Saepe
697 4272 786 4329 etium
810 4251 920 4331 duris'¹
941 4288 966 4329 e.
991 4287 1019 4346 q.
1045 4289 1068 4329 s.
1120 4270 1302 4346 Quamquam

155 4370 199 4431 vel
223 4373 267 4432 sic
291 4370 327 4432 ad
353 4373 573 4432 venerationem
597 4372 677 4448 regis
707 4389 765 4430 non
795 4379 920 4450 possunt
949 4372 1005 4431 uisi
1028 4371 1152 4431 artificio
1176 4371 1303 4448 quodam

155 4473 278 4542 3313331,
310 4480 344 4532 ut
365 4472 576 4551 intellegantur
599 4473 689 4533 baec:
729 4473 858 4532 ‘amisso
887 4491 958 4550 rogo
987 4473 1084 4532 omnia
1113 4472 1243 4549 perdunt
1270 4489 1303 4531 ac

1053 4570 1098 4632 3*
