3212 5042
319 401 362 465 44
767 420 1011 465 seconcounsn.

317 591 468 653 Heliconis
490 590 662 660 ascendam,
697 587 776 650 unde
803 587 932 669 palmam
959 590 1097 668 poeticae
1118 587 1214 650 laudis
1235 589 1349 668 patriae
1379 607 1466 651 meae

316 694 457 754 referam.
507 692 570 753 Hac
592 701 716 753 ornatus
744 699 884 753 aeternae
910 689 1023 769 gloriae
1051 698 1278 753 monumentum
1306 693 1337 752 in
1367 693 1464 771 patria

316 797 450 875 ponam'
496 793 581 866 Quod
611 793 769 873 indulgens
805 793 926 871 ingenio
962 793 1047 872 fingit
1082 792 1226 872 templum
1263 811 1465 854 marmoreum

317 915 392 966 esse,
417 903 449 958 ut
471 914 556 958 suam
579 897 751 976 patriaeque
772 894 893 956 laudem
915 913 952 955 ex
973 896 1038 974 ipsa
1061 895 1195 957 Caesaris
1217 894 1304 956 laude
1327 896 1464 976 pendere

320 1017 448 1079 eumque
486 1015 520 1059 ca
563 999 752 1059 coniunctam
789 1015 856 1059 csse
891 997 1009 1077 poetica
1046 1013 1118 1057 usus
1160 998 1289 1076 imagine
1333 1007 1461 1062 moneat.

317 1101 391 1177 Nam
412 1098 485 1161 nihil
516 1105 574 1184 est¹
596 1098 676 1177 quod
697 1097 838 1160 Aeneidis
860 1116 967 1179 poema
996 1097 1141 1177 templum
1169 1096 1242 1159 illud
1272 1117 1339 1160 esse
1361 1102 1465 1162 statuit

317 1201 477 1272 Tittlerus,
511 1200 672 1263 corradens
700 1199 750 1262 ille
779 1219 816 1261 ex
846 1201 931 1282 epico
960 1200 1092 1261 carmine
1126 1199 1209 1261 locos
1236 1202 1288 1280 qui
1320 1219 1388 1263 cum
1416 1201 1463 1262 lais

317 1311 425 1385 poetae
467 1305 622 1384 promissis
658 1303 758 1383 aliquo
793 1302 883 1364 modo
924 1300 1096 1364 riderentur
1138 1303 1306 1364 convenire.
1364 1303 1465 1384 ltaque

318 1424 422 1468 versus
444 1401 486 1466 26
508 1421 574 1484 sqq.
614 1412 750 1485 spectare
782 1403 884 1465 docuit
917 1403 954 1465 ad
985 1405 1058 1465 Aen.
1092 1402 1156 1465 Vlll
1187 1401 1302 1466 675-
1316 1401 1378 1468 728
1399 1425 1464 1487 sqq.
1506 1483 1510 1489 ι

318 1507 376 1570 Sed
398 1507 447 1569 hio
479 1508 609 1586 primum
643 1523 793 1586 quaeram,
829 1525 883 1568 cur
909 1504 1029 1567 undem
1066 1511 1202 1567 octavum
1237 1503 1348 1568 librum
1382 1509 1464 1570 fores

316 1609 426 1672 dixerit
448 1616 529 1671 vates
551 1615 654 1670 noster
677 1627 701 1670 v.
726 1605 778 1670 26.
827 1607 987 1670 Praeterea
1015 1607 1103 1668 etiam
1131 1609 1162 1668 in
1191 1607 1288 1687 clipeo
1311 1608 1364 1670 illo
1387 1608 1464 1672 nihil

261 1737 263 1742 ’
319 1712 378 1773 5151
404 1712 486 1774 Actia
519 1711 596 1774 bella
632 1718 661 1771 et
694 1709 841 1790 triplicem
873 1707 1058 1788 triumphum
1091 1709 1225 1771 Caesaris
1254 1711 1369 1790 posuit:
1412 1711 1465 1773 ubi

316 1814 409 1891 igitur
430 1830 561 1892 pugnam
583 1798 784 1891 Gangaridum
808 1819 839 1873 51
858 1810 1038 1872 Parthorum
1059 1817 1181 1891 tropaea
1202 1811 1318 1874 reddita
1341 1819 1372 1873 51
1393 1813 1464 1886 Qui-

314 1915 373 1976 rini
395 1915 516 1976 nomine
538 1921 676 1976 ornatum
698 1914 867 1996 principem¹
893 1919 923 1973 et
951 1909 1078 1982 cetera,
1093 1923 1173 1990 'quae
1202 1913 1238 1974 ad
1266 1933 1316 1976 res
1346 1923 1464 1994 posta.

316 2012 378 2078 726
399 2023 498 2094 gestas
519 2017 671 2096 pertinere
694 2022 792 2096 putat,
825 2021 1056 2076 commemorata
1086 2015 1298 2096 celebrataque
1321 2035 1387 2078 esse
1410 2015 1462 2078 do·

315 2116 394 2180 cebit
415 2116 579 2179 Tittlerusl
623 2117 705 2189 Quae
727 2117 857 2178 sirecte
880 2114 1149 2178 demonstravimus
1171 2135 1232 2178 non
1257 2115 1336 2179 ultra
1353 2135 1465 2180 annum

314 2219 398 2281 illum
420 2208 532 2299 egredi,
562 2226 644 2294 certe
666 2235 727 2280 non
744 2225 876 2299 possunt
897 2225 1074 2296 argumento
1097 2235 1178 2288 esse,
1208 2221 1354 2298 prooemii
1375 2219 1465 2281 huius

314 2327 416 2401 partes
438 2320 581 2401 quasdam
603 2320 742 2382 secundis
765 2322 847 2382 curis
862 2318 975 2381 additas
991 2337 1065 2380 esse.
1101 2319 1196 2380 Porro
1208 2322 1342 2382 Assaraci
1363 2320 1465 2402 proies

315 2423 452 2502 Trosque
467 2441 577 2503 parens
594 2418 645 2502 (35
660 2419 727 2501 sq),
752 2439 880 2500 quorum
903 2421 1047 2502 spirantia
1063 2421 1146 2499 signa
1168 2439 1201 2482 se
1223 2423 1255 2482 in
1277 2421 1389 2502 templo
1410 2441 1477 2504 po·¹

315 2526 442 2586 siturum
465 2541 531 2586 csse
557 2532 643 2586 vovet
670 2530 774 2604 poeta,
805 2526 838 2585 in
867 2521 1009 2586 Aeneidis
1031 2521 1068 2584 Vl
1091 2518 1153 2585 648
1179 2523 1283 2603 paucis
1310 2523 1465 2586 versiculis

316 2633 487 2704 tanguntur,
512 2643 580 2686 mox
603 2645 620 2687 a
644 2643 670 2687 v.
693 2621 841 2687 15115756
863 2624 992 2687 Dardani
1014 2623 1131 2704 prolem
1153 2624 1278 2686 aSilvio
1300 2643 1387 2687 orsus
1410 2643 1463 2686 ex·

315 2729 395 2796 citat,
425 2729 509 2788 cuius
532 2745 640 2806 agmen
662 2727 773 2789 claudit
793 2728 944 2805 Augustus
967 2723 1038 2788 792.
1087 2727 1186 2808 Prope
1216 2726 1342 2788 ridicula
1364 2734 1464 2790 autem

315 2829 351 2890 ad
374 2827 529 2890 Catilinam
551 2831 583 2890 in
605 2828 701 2909 clipeo
716 2831 787 2890 Aen.
812 2825 1012 2908 1111166955.
1038 2846 1221 2908 expressum,
1246 2831 1272 2890 si
1295 2828 1341 2891 dis
1355 2828 1463 2909 placet,

316 2938 346 2990 51
368 2929 405 2991 ad
426 2931 594 2992 inferorum
616 2930 849 3010 descriptionem
872 2930 909 2991 Vl
930 2925 994 2992 666
1016 2949 1080 3010 sqq.
1105 2929 1211 2992 allusio
1232 2932 1264 2992 in
1287 2949 1312 2992 v.
1336 2927 1464 2993 37—39

314 3034 489 3112 investigata
513 3039 567 3102 551,
592 3034 676 3111 quasi
691 3034 824 3112 Augusto
846 3029 1003 3093 invidisset
1016 3031 1149 3102 Catilina,
1173 3032 1258 3093 cuius
1272 3031 1363 3094 lulius
1377 3039 1464 3112 pater

314 3137 379 3214 ipse
401 3141 517 3196 tantum
538 3151 600 3195 non
623 3135 722 3196 socius
742 3135 849 3204 iuerat,
873 3135 957 3213 qnasi
980 3133 1107 3214 denique
1136 3133 1210 3194 haec
1233 3135 1334 3195 omnia
1355 3134 1462 3198 15551·

315 3236 361 3297 dis
384 3235 431 3297 vel
453 3235 589 3298 umbram
614 3237 752 3315 exiguam
766 3242 1037 3317 repraesentarent.
1082 3234 1195 3296 Eodem
1217 3235 1280 3296 lere
1302 3237 1369 3297 iure
1391 3253 1461 3297 eon·

316 3337 440 3398 tendere
462 3340 568 3418 possis,
599 3339 747 3418 promisso
770 3355 796 3402 v.
822 3333 862 3398 18
884 3353 949 3415 sqq.
978 3355 1086 3398 cursus
1109 3343 1139 3396 et
1160 3345 1277 3398 caestus
1298 3338 1464 3398 certamina

316 3457 348 3500 se
370 3440 577 3500 instituturum
600 3457 665 3500 csse
687 3440 805 3500 stetisse
826 3444 945 3518 poetam
968 3439 1040 3500 Aen.
1065 3439 1087 3499 V
1108 3433 1169 3499 291
1188 3455 1253 3517 sqq.
1276 3435 1383 3501 51362
1398 3454 1462 3520 sqq.

317 3539 457 3602 ludorum
479 3541 661 3602 narratione.
1459 3565 1462 3572 ’

401 3642 478 3715 Quid
500 3651 601 3704 tamen
624 3642 775 3704 Britannis
797 3643 941 3705 iaciamus
965 3641 1000 3723 (v.
1024 3638 1075 3722 25)
1098 3644 1210 3703 nescio.
1259 3641 1331 3704 11111
1352 3641 1464 3722 legenti

316 3764 342 3804 v.
365 3740 493 3811 46-48
527 3741 649 3805 dubium
683 3762 744 3806 non
777 3752 831 3816 est,
865 3747 938 3826 quin
972 3763 1007 3806 eo
1029 3751 1175 3824 tempore,
1210 3761 1267 3823 quo
1289 3745 1373 3806 tertii
1395 3742 1464 3805 libri

316 3847 505 3927 prooemium
520 3843 610 3925 idque
632 3847 781 3925 integrum
804 3847 980 3927 composuit,
1003 3853 1092 3926 poeta
1107 3848 1137 3907 in
1152 3847 1251 3908 animo
1267 3844 1312 3906 rel
1327 3843 1465 3906 habuerit

315 3947 363 4010 vel
385 3947 496 4009 hahere
519 3965 551 4008 55
575 3947 769 4020 simulaverit,
791 3951 872 4029 ipsas
895 3949 1031 4010 Caesaris
1053 3965 1103 4009 res
1124 3956 1232 4026 gestas,
1261 3946 1290 4006 id
1314 3946 1394 4025 quod
1416 3945 1465 4008 hic

316 4060 346 4112 et
367 4047 488 4130 optabat
510 4057 539 4110 et
560 4048 689 4120 iubebat,
712 4053 836 4131 proprio
853 4051 984 4111 carmine
1000 4049 1181 4121 describere,
1205 4048 1285 4130 quod
1308 4047 1463 4110 consilium

314 4158 419 4233 postea
441 4152 482 4211 ita
504 4153 636 4222 mutavit,
660 4159 694 4213 51
715 4171 776 4213 non
800 4159 859 4212 tam
881 4145 1143 4232 προηγουμένως
1166 4151 1208 4230 tut
1230 4149 1345 4211 Probus
1366 4167 1396 4230 p.
1411 4145 1463 4220 59,

237 4297 240 4304 -
315 4253 336 4316 3
358 4252 409 4333 ait)
433 4251 567 4313 ardentis
589 4255 778 4332 imperatoris
800 4271 924 4333 pugnas,
948 4252 977 4315 h.
994 4271 1020 4312 e.
1044 4253 1177 4323 minime,
1201 4259 1235 4313 51
1249 4251 1391 4313 Tittlerus
1414 4269 1462 4311 vo·

317 4357 390 4426 luit,
425 4352 559 4416 nondum
589 4354 785 4435 depugnatas,
821 4354 873 4415 sed
902 4355 966 4434 ipsa
994 4353 1176 4434 proeliorum
1204 4353 1327 4415 fulmina
1359 4349 1464 4414 modos

322 4465 516 4540 eventusque,
540 4475 627 4539 quam
650 4458 756 4520 avitam
778 4455 921 4519 Iuliorum
944 4455 1070 4536 gloriam
1083 4456 1208 4536 Augusti
1229 4455 1337 4518 merito
1360 4471 1464 4518 cumn-
