3276 5050
621 409 866 458 reconderunt.
1276 387 1316 455 73

172 583 211 646 ab
244 583 309 663 ipso
341 590 429 662 poeta
463 588 534 661 puto
570 588 683 652 ortum,
713 580 765 642 sed
790 568 929 642 secundis
957 579 1038 639 curis
1066 595 1091 638 v.
1116 573 1180 641 344
1212 579 1316 656 eisque

169 701 247 764 quae
268 691 410 746 secuntur
433 683 645 753 oblitteratum,
669 683 705 744 ab
728 683 892 746 editoribus
914 689 1012 744 autem
1034 699 1193 761 perperam
1211 700 1312 742 serva·
1371 677 1379 686 '

170 795 237 848 tum
260 787 392 868 tarsoque
414 785 480 846 loco
503 785 627 849 inlatum
652 804 726 847 esse.
772 786 810 846 Ut
832 785 989 847 turbarum
1010 785 1041 845 in
1067 783 1186 846 schedis
1207 790 1315 863 poetae

173 889 344 952 relictarum
368 888 416 950 hic
439 905 557 969 quoque
579 887 743 950 versiculus
765 888 874 950 indicio
898 890 944 950 sit.

257 1001 402 1086 Ceterum
418 1003 558 1106 quoniam
580 1041 696 1104 pannus
718 1025 755 1086 ad
778 1046 802 1085 v.
827 1021 888 1086 661
913 1023 1092 1104 explendum
1115 1021 1161 1083 vel
1182 1025 1214 1084 in
1231 1021 1315 1084 Pala-

171 1129 268 1189 tinum
291 1127 423 1188 codicem
445 1127 605 1189 translatus
628 1134 683 1198 est,
708 1126 896 1206 vigilandum,
921 1145 991 1188 num
1004 1125 1062 1186 alia
1078 1143 1197 1203 quoque
1213 1125 1248 1186 ab
1271 1127 1316 1186 in·

171 1229 418 1310 terpolatoribuS,¹
456 1247 530 1307 quos
558 1236 673 1290 constat
699 1231 729 1290 in
757 1229 814 1290 hoc
836 1247 946 1308 genere
968 1227 1077 1289 multos
1107 1226 1314 1298 elaboravisse,

173 1331 311 1411 suppleta
332 1333 391 1392 sint
412 1331 606 1392 hemistichia.
651 1333 692 1392 Ac
714 1331 819 1392 similis
848 1333 985 1392 licentiae
1013 1329 1182 1410 exemplum
1210 1332 1316 1408 agnovi

172 1455 199 1494 v.
225 1429 299 1496 135:
330 1436 436 1494 merito
460 1435 540 1494 enim
563 1441 592 1493 et
613 1433 795 1511 Wagnerum
818 1444 847 1495 et
868 1431 1096 1512 Peerlkampum
1126 1431 1317 1492 ollenderunt

173 1538 255 1596 ‘lere
278 1537 356 1596 sicco
380 1535 542 1597 subductae
564 1537 593 1596 in
617 1535 704 1596 litore
727 1539 875 1616 puppes’,
905 1543 1063 1616 postquam
1091 1534 1196 1595 urbem
1228 1536 1316 1594 etiam

172 1657 279 1699 novam
295 1639 408 1699 Aeneas
423 1638 615 1716 Pergameam
631 1637 751 1699 molitus
775 1647 827 1708 est,
852 1638 983 1716 dumque
1006 1639 1036 1696 in
1061 1655 1095 1696 eo
1120 1643 1165 1696 est
1187 1643 1220 1697 ut
1241 1637 1318 1697 ‘iura

171 1741 353 1820 domosque’
377 1740 426 1800 det
448 1740 569 1801 civibus.
600 1741 675 1800 Nam
698 1739 777 1818 quod
793 1740 925 1802 Conrads
947 1759 976 1819 p.
992 1738 1065 1808 XlV,
1088 1737 1138 1800 illa
1161 1745 1193 1798 ut
1215 1739 1317 1799 delen-

172 1843 273 1913 deret,
303 1844 439 1922 ‘iamque
461 1843 542 1902 lerc'
571 1843 607 1902 ad
629 1843 686 1902 tria
708 1844 820 1920 pariter
844 1841 907 1902 cola
929 1839 1120 1902 referendum
1145 1859 1210 1900 esse
1233 1841 1316 1910 dinit,

170 1945 349 2026 probarem,
384 1945 442 2004 nisi
468 1945 527 2004 iam
558 1963 648 2024 supra
670 1963 696 2004 v.
722 1941 783 2006 132
806 1962 870 2024 sqq.
894 1944 999 2004 urbem
1022 1941 1169 2004 aedificari
1193 1942 1316 2020 legisse-

171 2066 249 2116 mus,
273 2053 307 2106 ut
329 2046 487 2107 subductas
509 2046 596 2106 litore
619 2064 735 2125 puppes
759 2065 824 2106 esse
848 2065 902 2125 per
925 2063 957 2106 se
972 2043 1170 2122 intellegatur.
1196 2045 1316 2106 Servavi

171 2148 301 2227 Vergilio
324 2167 399 2228 quae
427 2155 551 2228 propter
580 2156 754 2228 sequentem
777 2168 803 2208 v.
829 2145 889 2209 137
919 2147 1052 2208 voculam
1081 2131 1184 2207 ‘curn⁵
1213 2165 1318 2207 neces·

172 2253 251 2319 saria
274 2257 344 2310 sunt
371 2253 508 2326 ‘iamque
536 2250 634 2311 lere':
670 2268 738 2310 nani
766 2248 814 2310 illa
844 2253 1022 2327 ‘arcemque
1051 2247 1185 2309 attollere
1214 2247 1318 2308 dictis'

173 2350 256 2433 (134)
281 2349 387 2414 31136
410 2351 605 2414 calumniatus
629 2360 674 2413 est
689 2351 912 2432 Peerlkampus,
938 2353 988 2428 qui
1011 2350 1180 2412 lacillimum
1197 2367 1318 2428 zeugma

172 2467 203 2518 ct
226 2453 399 2515 sollemnem
424 2455 552 2534 antiquis
574 2474 642 2515 curn
666 2453 800 2515 conubiis
823 2473 961 2515 arvorum
984 2450 1095 2514 cultum
1120 2451 1318 2534 componendi

172 2555 421 2618 consuetudinem
444 2557 492 2618 hic
514 2555 644 2617 noluerit
665 2555 802 2617 tolerare.

258 2691 382 2752 Versum
407 2688 467 2754 153
491 2694 537 2752 ‘in
560 2692 661 2753 multis
682 2711 742 2753 non
765 2694 918 2762 inveniri’,
944 2692 996 2753 sed
1019 2699 1117 2752 tamen
1140 2691 1317 2752 ‘admodum

172 2795 395 2856 necessarium'
430 2812 498 2854 esse
531 2794 680 2856 adnotavit
706 2795 834 2856 Servius
885 2795 1059 2856 Necessaria
1091 2813 1158 2855 esse
1185 2795 1317 2855 concedo

172 2896 263 2956 verba
287 2899 368 2956 ‘tum
390 2897 432 2956 sic
454 2894 576 2966 adlari';
601 2915 638 2956 ne
661 2899 814 2974 sequentia
830 2897 948 2978 quidem
972 2897 1020 2956 ‘et
1034 2915 1120 2956 carras
1136 2895 1181 2956 his
1197 2895 1318 2972 demere

172 2999 277 3059 dictis’
301 2997 482 3077 reprehendi
503 3005 644 3076 possunt,
674 2999 822 3076 siquidem
849 2999 879 3058 id
907 3008 999 3078 agunt
1021 3017 1093 3060 sane
1115 3004 1253 3076 penates,
1285 3004 1318 3057 ut

173 3101 354 3160 confirment
375 3101 506 3159 animum
528 3101 663 3162 Aeneae:
698 3101 799 3162 dicunt
831 3102 910 3160 enim
932 3120 958 3162 v.
984 3097 1045 3162 169
1080 3105 1188 3176 ‘surge
1210 3118 1264 3178 age
1288 3107 1316 3160 et

173 3203 248 3262 haec
270 3205 369 3262 laetus
396 3201 541 3280 longaevo
575 3202 652 3262 dicta
684 3203 802 3282 parenti
836 3202 913 3262 haud
948 3202 1108 3264 dubitanda
1142 3203 1254 3270 reler';
1291 3207 1319 3261 et

173 3303 328 3384 ‘perlecto
350 3303 444 3364 laetus
467 3305 598 3365 honore'
621 3324 647 3363 v.
666 3301 726 3365 178
748 3304 896 3365 Anchisen
919 3305 956 3364 de
978 3307 1093 3366 somnio
1109 3311 1222 3365 certum
1238 3304 1317 3364 tacit.

172 3408 216 3466 Ac
239 3405 391 3484 ‘demptae
414 3408 519 3467 curae'
544 3413 613 3468 sunt
636 3425 670 3467 eo
694 3405 772 3484 quod
796 3407 903 3483 ‘quem
925 3408 1012 3468 fessis
1034 3409 1122 3468 linem
1138 3405 1228 3466 rebus
1243 3406 1319 3465 leret

175 3507 349 3588 (Phoebus),
379 3506 459 3568 unde
481 3507 617 3570 laborum
640 3515 786 3588 temptare
809 3507 948 3569 auxilium
977 3509 1092 3579 iubeat,
1121 3526 1178 3586 quo
1201 3513 1345 3568 vertere·

173 3612 301 3670 cursus’
326 3609 447 3670 edoctus
471 3617 524 3670 est.
573 3611 757 3687 Quamquam
779 3629 883 3671 verum
907 3618 952 3672 est
974 3611 1081 3672 multas
1104 3613 1191 3671 etiam
1215 3627 1317 3688 super·

174 3713 267 3772 luisse
291 3731 388 3781 curas,
413 3711 539 3772 multum
562 3711 672 3772 laboris
695 3721 724 3772 et
746 3711 948 3792 periculorum
972 3712 1189 3774 exantlandum.
1234 3710 1317 3784 Quod

174 3814 227 3890 qui
250 3831 351 3874 secum
375 3815 531 3892 reputavit,
556 3815 615 3873 sive
637 3814 701 3890 ipse
723 3820 810 3892 poeta
839 3815 894 3874 luit
922 3817 982 3876 sive
1010 3815 1234 3894 grammaticus,
1258 3814 1318 3873 lor-

176 3921 256 3974 tasse
280 3913 386 3974 adduci
408 3917 512 3993 potuit,
537 3921 568 3974 ut
584 3913 677 3974 altero
692 3913 880 3976 hemistichio
896 3916 1073 3977 versiculum
1089 3935 1193 3976 carere
1209 3914 1316 3976 mallet.

173 4019 220 4078 An
243 4017 394 4094 integrum
419 4013 479 4078 153
502 4016 648 4094 Vergilius
669 4017 700 4076 in
723 4015 841 4078 schedis
863 4017 1028 4085 induxerat,
1053 4017 1142 4078 alium
1164 4024 1266 4097 postea
1288 4018 1319 4077 in

175 4099 241 4178 eids
263 4116 362 4178 locum
387 4117 619 4180 substituturus?

262 4255 388 4315 Versum
407 4251 465 4316 157
483 4253 562 4332 quod
578 4256 724 4316 ‘variasse
740 4255 814 4316 dici’
831 4257 950 4317 Servius
966 4255 1115 4319 adnotavit
1129 4275 1188 4336 quo
1205 4263 1319 4335 spectet

173 4357 287 4416 nescio,
338 4355 397 4418 Sed
425 4355 653 4437 dittographiam
684 4357 863 4420 hemistichii
885 4359 921 4419 ad
949 4378 974 4418 v.
998 4355 1060 4420 226
1083 4359 1161 4419 idem
1184 4359 1317 4419 exhibet:

173 4457 411 4519 circumductum
441 4459 519 4519 enim
552 4458 609 4519 hoc
641 4462 801 4524 ‘resonant
827 4461 941 4543 magnis
971 4460 1150 4526 stridoribus
1173 4460 1251 4526 alae'
1287 4461 1318 4520 in
