3276 5050
313 373 374 438 126
763 401 1008 444 anonucounua⁴

305 567 472 644 composuit
498 568 630 629 secondo
658 559 776 630 curibse
805 576 954 630 scrutatus
982 566 1200 630 laudatissimos
1228 568 1295 630 illos
1328 573 1452 648 propter

304 667 501 729 verecundam
528 669 718 749 periphrasin
745 689 850 732 versus
872 673 944 732 Aen.
968 668 1116 732 11111405
1138 688 1182 749 sq.
1213 671 1250 732 dc
1272 669 1395 731 Volcani
1424 677 1453 730 et

305 770 428 831 Veneris
460 771 630 846 concubitu,
663 791 730 834 oum
765 775 938 834 universum
972 773 1083 851 figurae
1113 791 1209 852 genus
1236 776 1301 853 ipse
1333 788 1452 852 quoque

304 870 461 950 probaret,
495 873 584 952 paulo
613 880 711 936 tamen
738 877 885 937 incautius
913 877 1047 936 membro
1076 877 1228 936 nominata
1262 876 1360 954 arguit
1404 873 1451 951 (ci.

305 972 426 1035 Servius
448 975 485 1035 ad
507 975 527 1036 l.
552 975 571 1035 Ι.
591 975 708 1038 Gellius
730 977 769 1038 lll
793 975 852 1058 10).
899 977 972 1039 Cum
994 983 1093 1038 autem
1109 977 1263 1040 Charisius
1282 995 1312 1057 p.
1336 972 1400 1037 245
1422 982 1452 1035 et

304 1075 464 1138 Diomedes
486 1073 549 1139 456
571 1078 603 1138 P.
629 1079 734 1140 eodem
757 1081 910 1158 circuitus,
935 1097 994 1157 quo
1016 1078 1159 1140 decenter
1181 1081 1292 1140 vitetur
1305 1078 1451 1144 =obsceni·

304 1186 359 1262 tas,
384 1178 519 1259 exemplo
542 1187 674 1250 utantur,
698 1182 826 1244 sortasse
848 1183 906 1262 ipsi
927 1181 973 1242 vel
996 1200 1101 1243 eorum
1123 1189 1228 1243 auctor
1250 1179 1356 1259 aliquis
1379 1179 1451 1240 (lor-

305 1281 370 1341 nuti
393 1281 430 1342 de
453 1282 557 1360 liguris
580 1285 796 1345 sententiarum
819 1283 912 1345 libros
941 1292 1171 1364 excerpserunt,
1200 1291 1234 1345 ut
1263 1283 1379 1363 possint
1405 1283 1450 1341 in-

304 1381 402 1444 didem
431 1382 554 1445 haustae
584 1403 650 1446 esse
677 1385 735 1447 duo
764 1385 838 1448 aliae
865 1386 1059 1466 periphrastes
1081 1387 1153 1448 Aen.
1178 1385 1232 1446 llll
1254 1381 1319 1448 584
1347 1390 1376 1445 et
1406 1401 1453 1461 ge.

303 1481 430 1554 111135,
455 1504 583 1565 quorum
605 1486 685 1548 illam
709 1495 845 1566 uterque,
869 1489 947 1549 hanc
962 1487 1120 1550 Diomedes
1142 1487 1223 1550 solus
1246 1486 1376 1548 laudavit
1397 1501 1454 1544 nec

306 1588 461 1665 praeteriit
483 1587 519 1648 ad
542 1606 588 1666 ge.
611 1587 631 1648 l.
655 1589 675 1650 l.
699 1589 830 1652 Servius.
880 1592 977 1668 Atque
1005 1592 1147 1669 figuratae
1170 1590 1330 1652 locutionis
1352 1604 1452 1648 exem·

243 1679 246 1686 ’
305 1687 387 1767 plum
410 1693 569 1752 mactandi
588 1708 708 1770 quoque
731 1691 856 1754 verbum
878 1692 1028 1754 rettulisse
1050 1693 1181 1754 videtur:
1218 1692 1255 1752 de
1287 1707 1346 1768 quo
1377 1706 1458 1768 quae

306 1790 342 1850 ad
371 1792 443 1852 Aen.
478 1791 530 1852 llll
557 1788 597 1854 57
631 1793 781 1855 adnotavit
808 1795 929 1856 Servius
962 1798 1110 1856 ‘mactant
1141 1793 1266 1856 verbum
1300 1809 1454 1884 sacrorum

306 1879 394 1952 κατ’
420 1881 683 1974 εὐφημισμὸν
705 1896 827 1966 dictum,
852 1898 940 1976 quasi
958 1898 1051 1976 magis
1074 1903 1203 1972 auctum,
1227 1893 1306 1956 unde
1329 1901 1358 1955 et
1372 1909 1454 1970 ma„
1491 1967 1495 1979 ,
1556 1895 1560 1910 ’

306 2005 440 2056 mentum
463 1995 601 2058 dicebant
624 1999 708 2076 quasi
730 1999 824 2060 maius
847 2001 1058 2078 augmentum'
1081 1999 1202 2062 Iahnius
1217 1997 1351 2078 prolegg.
1370 1997 1452 2058 Pers

306 2116 335 2176 p.
359 2096 425 2158 XIX
449 2099 574 2160 contulit
596 2118 663 2161 cum
679 2099 800 2170 Placidi,
824 2100 945 2162 loannis
969 2120 985 2161 a
1008 2101 1108 2170 lanua,
1132 2101 1240 2180 Papiae
1262 2099 1367 2169 titulis,
1391 2099 1455 2177 qui·

306 2198 362 2260 bus
384 2210 585 2276 mopmentum
608 2203 757 2264 Cornutus
781 2219 797 2262 a
820 2203 974 2266 mactando
1003 2175 1167 2274 derivasse,
1197 2209 1328 2264 mactare
1356 2207 1454 2280 autem

306 2301 473 2364 distrahere
495 2304 707 2383 interpretatus
730 2322 794 2366 esse
816 2304 1002 2384 perhibetur.

387 2403 458 2466 'Alia
488 2407 567 2484 apud
591 2407 725 2470 Servium
760 2405 797 2467 de
830 2405 1051 2486 quaestionibus
1079 2408 1251 2470 adornato
1284 2404 1387 2468 solutis
1420 2423 1456 2464 ex

306 2509 532 2569 commentariis
554 2489 702 2570 Aeneidos
730 2517 856 2588 sumpta.
908 2511 980 2570 Aen.
1009 2506 1106 2570 1488
1135 2497 1316 2588 permixtum
1344 2507 1455 2586 princi-

305 2607 395 2687 pibus
416 2609 534 2670 Achivis
556 2611 674 2672 Aenean
699 2609 805 2672 eodem
828 2611 953 2671 artificio
976 2611 1094 2680 statuit,
1123 2629 1182 2690 quo
1210 2629 1297 2672 usum
1326 2629 1358 2670 se
1389 2627 1456 2670 esse

305 2709 354 2770 hic
376 2711 402 2771 ll
424 2708 487 2773 396
510 2719 615 2774 narret
641 2712 739 2774 verbis
770 2712 918 2774 ‘vadimus
948 2713 1073 2773 immixti
1096 2713 1230 2775 Danais'.
1281 2713 1319 2774 At
1347 2713 1457 2773 docent

310 2830 382 2874 eoae
405 2815 484 2874 acies
507 2825 536 2875 et
550 2815 717 2878 Memnonis
732 2833 824 2886 arma,
849 2833 925 2893 quae
941 2817 1039 2876 statim
1055 2823 1206 2888 secuntur,
1230 2814 1370 2876 fefellisse
1386 2815 1457 2875 Cor·

306 2921 412 2976 nutum
440 2917 621 2994 opinionem.
671 2917 853 2979 Prudentius
875 2920 947 2979 Aen.
971 2913 1096 2980 111615
1118 2920 1251 2998 ‘portam
1274 2935 1350 2996 quae
1372 2915 1456 2976 ducis

308 3018 434 3096 imperio
458 3021 635 3080 commisao'
659 3019 807 3080 intellexit
828 3023 952 3086 ‘clauso
973 3022 1058 3081 crat'
1082 3020 1196 3082 collatis
1218 3038 1262 3080 vv.
1278 3015 1320 3080 43
1343 3025 1373 3078 et
1396 3012 1456 3078 173

313 3119 446 3200 (Servius
474 3121 510 3181 ad
532 3123 605 3183 Aen.
635 3115 675 3182 IX
701 3119 765 3186 675
792 3129 822 3183 et
842 3122 881 3184 lll
902 3118 986 3200 428).
1039 3123 1080 3183 lle
1109 3141 1197 3182 versu
1223 3121 1295 3182 Aen.
1320 3113 1456 3179 1111118

313 3222 383 3302 quid
406 3222 452 3283 vel
475 3225 602 3285 senserit
624 3223 670 3285 vel
692 3227 880 3305 quaesiverit,
903 3232 1028 3304 propter
1050 3223 1225 3286 schedarum
1241 3220 1457 3283 Veronensium

314 3323 452 3387 lacunam
476 3325 616 3387 traditum
640 3344 700 3388 non
724 3335 777 3398 est,
801 3327 853 3388 sed
874 3333 907 3418 et
921 3327 1009 3406 Aspri
1029 3343 1104 3404 quae
1125 3332 1238 3387 servata
1262 3330 1308 3384 est
1329 3321 1457 3402 explica·

312 3428 396 3488 tione
420 3435 450 3488 et
472 3428 568 3490 Servii
590 3428 780 3490 adnotatione
802 3427 958 3508 probabile
980 3429 1012 3488 hl
1039 3447 1107 3489 eurn
1135 3427 1334 3496 dubitavisse,
1358 3433 1458 3486 utrum

313 3530 356 3591 sic
381 3528 625 3608 distinguendum
649 3539 739 3592 esset:
771 3530 868 3592 ‘illam
892 3530 985 3592 Terra
1008 3547 1131 3609 parens,
1154 3534 1204 3592 ira
1225 3532 1365 3603 inritato,
1390 3530 1457 3588 deo

309 3648 382 3692 rom
405 3639 573 3693 extremam
596 3677 603 3694 .
629 3677 636 3692 .
662 3679 669 3694 .
693 3635 871 3713 progenuit’
896 3651 933 3693 an
956 3636 1024 3694 ‘ira
1045 3637 1174 3695 inritato
1196 3621 1458 3707 demonacha-

313 3735 422 3794 mom'.
468 3732 506 3793 Et
527 3753 594 3794 cum
609 3737 714 3814 Asper,
738 3737 823 3797 cuius
845 3734 935 3796 verba
958 3735 1036 3815 apud
1053 3735 1241 3798 scholiastam
1257 3736 1459 3796 Veronensem

313 3835 437 3896 Cornuti
459 3837 642 3898 mentionem
671 3846 826 3908 secuntur,
860 3839 1049 3899 coniun‘xerit
1076 3839 1135 3899 ‘ira
1162 3839 1282 3899 inritata
1304 3835 1458 3902 deorum'.

312 3936 362 3997 hic
384 3939 513 3998 sortasse
536 3937 660 4001 alteram
681 3940 864 4019 praetulerat
884 3941 1040 4011 rationem,
1064 3959 1122 4019 qua
1145 3940 1287 4002 ‘deorum
1306 3939 1458 4000 ¹ext'rema’

312 4039 402 4100 Fama
425 4038 552 4110 dicitur,
582 4048 612 4101 et
634 4050 867 4104 consentaneum
892 4050 955 4102 erat
977 4040 1165 4104 ‘Hellenioae
1185 4040 1367 4120 theologiae'
1390 4058 1459 4101 auc·

312 4150 410 4203 torem
434 4140 592 4221 diligenter
615 4143 652 4204 de
674 4143 732 4204 hoc
753 4145 939 4223 potissimum
961 4143 1108 4204 versiculo
1130 4141 1290 4206 disserere.
1335 4145 1368 4204 ln
1389 4143 1458 4204 Ser-

310 4245 399 4304 viano
423 4247 639 4306 commentario
660 4263 733 4307 num
756 4245 826 4326 quid
849 4247 928 4306 inter
943 4244 1085 4306 eonllatas
1100 4245 1312 4324 explicationes
1328 4246 1461 4306 diversas
1550 4314 1563 4336 ι
1629 4277 1630 4290 ¹

311 4346 438 4407 Cornuti
460 4355 608 4408 servatum
633 4349 672 4409 sit
694 4366 754 4408 non
777 4347 884 4428 liquet,
913 4348 971 4408 nisi
998 4347 1077 4428 quod
1106 4350 1231 4410 stoicum
1258 4346 1458 4427 allegoristam

307 4447 462 4527 probabile
486 4458 530 4512 est
552 4451 631 4512 inter
653 4470 705 4512 eos
727 4450 850 4530 Vergilii
872 4452 1054 4531 interpretes
1077 4451 1182 4520 luisse,
1212 4452 1264 4531 qui
1286 4469 1322 4512 ea
1345 4450 1458 4511 altioris
