3276 5050
616 397 859 442 raocacomaua.
1275 378 1314 442 77

162 565 392 646 fabularumque
416 567 530 645 copiam
554 567 722 626 universam
747 565 921 627 effunderet.
968 565 1116 644 Superato
1145 573 1244 626 autem
1268 565 1313 626 vel

166 671 273 730 evitato
297 675 431 730 extremo
455 668 571 746 quoda
595 667 772 748 Cyclopibus
793 667 969 728 imminebat
980 666 1125 748 'periculo
1148 666 1221 728 nihil
1245 668 1313 728 reli-

165 790 255 850 quum
281 779 352 842 erat,
377 772 435 832 nisi
457 779 490 832 ut
513 788 571 848 qua
595 772 640 830 via
663 771 733 831 inde
756 771 790 830 ad
807 771 922 832 Alrioae
946 789 1028 830 oram
1045 771 1230 849 pervenisset
1245 769 1313 832 bre·

164 874 242 933 viter
275 880 371 934 morte
403 875 498 953 patris
532 880 764 934 commemorata
795 874 944 950 reginam,
981 890 1057 950 quae
1086 874 1157 934 satis
1177 874 1314 952 proiecto

165 972 255 1053 longo
279 977 411 1036 sermoni
434 977 564 1037 animum
588 975 767 1044 intenderat,
791 975 913 1036 doceret
928 975 1086 1036 Troianus.
1116 974 1210 1046 Quem
1227 994 1313 1055 pror-

165 1097 216 1138 sus
239 1077 365 1138 ridicule
388 1077 520 1140 Conrads
542 1079 690 1159 vituperat
718 1077 798 1154 quod
821 1078 942 1156 Augusti
971 1077 1045 1139 adeo
1074 1077 1175 1138 laudes
1198 1078 1314 1138 Siciliae

166 1179 363 1260 descriptioni
384 1199 444 1241 non
467 1182 602 1240 intexuit.
640 1196 647 1205 ·

252 1283 295 1343 Ile
318 1285 419 1358 quinti
439 1281 509 1343 libri
531 1290 626 1344 aetate
651 1281 895 1362 etdispositicne
918 1282 1063 1361 quaedam
1079 1283 1211 1344 Conrads
1232 1291 1314 1344 recte

164 1384 374 1446 animadvertit
404 1383 451 1463 (cf.
475 1385 581 1464 Heynii
609 1384 645 1444 ad
675 1383 784 1444 librum
807 1385 847 1446 ΙΙΙ
874 1404 1018 1446 excursus
1041 1385 1067 1446 ll
1095 1381 1149 1444 ‘de
1179 1403 1313 1446 errorum

164 1493 284 1548 Aeneae
307 1486 432 1568 annis’),
457 1505 491 1547 ex
516 1486 623 1565 quibus
639 1489 842 1564 gravissimum
857 1488 937 1567 quod
954 1507 979 1547 v.
996 1485 1058 1549 626
1081 1491 1225 1565 ‘septimo
1246 1495 1315 1568 post

165 1590 275 1650 Troiae
299 1589 444 1650 excidium
466 1591 525 1650 iam
550 1591 673 1650 vertitur
696 1598 806 1666 aestus,
828 1608 896 1650 cum
920 1591 1005 1659 treta,
1035 1608 1103 1650 cum
1126 1599 1224 1651 terras
1247 1610 1309 1650 om·

166 1693 223 1762 nis,
247 1698 291 1751 tot
313 1692 462 1771 inhospita
484 1711 551 1754 saxa
574 1691 732 1769 sideraque
755 1710 892 1752 emensae
916 1692 1058 1752 ierimur'
1083 1711 1108 1752 e.
1134 1711 1161 1772 q.
1186 1711 1209 1752 s.
1241 1691 1313 1770 legi-

165 1813 249 1864 muS,
282 1813 297 1854 a
320 1813 378 1873 quo
402 1812 527 1854 numero
551 1795 627 1854 tertii
651 1795 779 1854 maxime
806 1792 874 1853 libri
896 1799 1027 1854 rationes
1050 1811 1231 1874 magnopere
1254 1795 1313 1854 dis·

164 1915 287 1976 crepare
311 1895 525 1956 demonstravit
547 1894 597 1955 ille
619 1914 648 1974 p.
671 1894 737 1955 Xlll
752 1914 815 1974 sqq.
856 1896 930 1956 Nam
953 1896 1016 1956 ‘vix
1038 1898 1134 1975 prima
1157 1898 1311 1976 inceperat

165 2003 279 2058 aestas’
305 1995 415 2078 (1118),
440 1992 486 2080 τῷ
507 1990 580 2076 ἑξῆς
601 1995 684 2074 ἔτει,
713 1987 834 2080 πρώτῳ
863 1989 899 2057 δὲ
921 1986 1005 2077 μετὰ
1026 1986 1088 2077 τὴν
1110 1987 1254 2076 ἅλωσιν,
1284 2000 1314 2058 ni

148 2099 259 2170 'sallon
283 2107 317 2160 ut
339 2101 379 2160 ait
401 2099 557 2178 Dionysius
579 2099 591 2158 Ι
613 2096 664 2169 63,
688 2118 754 2160 oum
778 2101 903 2178 patriam
927 2099 1046 2179 reliquit
1068 2101 1191 2160 Aeneas.
1228 2099 1313 2160 Dela-

171 2209 219 2262 tus
243 2210 288 2264 est
310 2203 439 2280 primum
461 2202 493 2260 in
508 2201 676 2272 Thraciam,
699 2200 751 2261 ubi
766 2203 813 2261 vix
836 2197 946 2262 annom
969 2203 1075 2262 morati
1099 2221 1164 2263 csse
1179 2209 1312 2281 possunt,

170 2305 310 2380 quoniam
339 2303 528 2378 ‘coeptorum
561 2304 702 2383 operum'
733 2299 791 2382 (20)
822 2303 991 2383 auspicibus
1021 2303 1065 2364 dis
1094 2323 1178 2365 sacra
1207 2305 1314 2364 serenti

168 2412 336 2466 monstrum
360 2405 475 2474 accidit,
500 2424 558 2484 quo
580 2408 654 2466 moti
677 2413 753 2476 sunt,
778 2413 810 2466 ut
831 2412 920 2485 portu
943 2407 1215 2484 proficiscerentur,
1240 2405 1312 2466 ‘ubi

162 2511 269 2584 primu
289 2509 366 2580 sides
383 2511 514 2584 pelope,
544 2508 717 2588 placataque
739 2509 818 2568 venti
847 2506 918 2568 dant
939 2509 1031 2568 maria
1055 2515 1085 2568 et
1112 2507 1189 2568 lenis
1217 2509 1313 2587 crepi-

167 2615 235 2669 tans
256 2621 341 2670 vocat
363 2617 464 2670 auster
485 2610 516 2669 in
546 2608 656 2670 altum'
682 2605 757 2688 (69),
787 2609 816 2668 h.
842 2629 867 2668 e.
892 2611 1012 2670 aestatis
1040 2609 1189 2671 secundae
1218 2611 1312 2670 initio.

169 2711 265 2770 Porro
288 2710 417 2790 hospitio
440 2713 518 2790 regis
533 2713 599 2772 Anii
621 2713 651 2772 in
668 2710 740 2771 [telo
762 2711 858 2772 insula
881 2730 935 2791 per
957 2710 1069 2788 aliquot
1091 2712 1153 2775 dies
1175 2713 1314 2776 fruuntur

166 2809 239 2892 (83),
264 2813 316 2873 sed
339 2831 409 2873 mox
431 2812 577 2893 Apollinis
599 2812 734 2883 oraculo,
765 2815 850 2874 cuius
869 2812 963 2874 malus
991 2813 1139 2894 interpres
1161 2815 1312 2884 Anchises,

164 2915 278 2976 inducti
301 2916 419 2977 Cretam
441 2923 555 2995 petunt,
580 2933 638 2992 quo
661 2921 748 2975 vento
772 2915 902 2975 secundo
927 2911 1007 2995 (130)
1032 2918 1118 2976 tertia
1141 2916 1208 2976 luce
1233 2915 1313 2997 (ΙΙΙ)

167 3016 322 3078 advenisse
344 3017 469 3100 putandi
492 3023 568 3078 sunt.
601 3017 658 3077 Sed
675 3036 713 3077 ne
735 3017 784 3076 hic
806 3018 924 3096 quidem
948 3017 1015 3096 plus
1036 3019 1139 3097 paucis
1161 3017 1313 3078 mensibus

169 3119 307 3180 videntur
330 3121 484 3180 mansisse.
516 3121 589 3180 Nam
607 3119 676 3178 dum
692 3119 800 3179 avidus
823 3116 915 3199 (132),
940 3138 1011 3198 ergo
1028 3119 1106 3181 nulla
1122 3139 1204 3181 mora
1221 3139 1313 3182 novae

165 3221 250 3303 prbis
273 3240 374 3283 muros
396 3221 517 3282 molitur
531 3226 646 3282 Aeneas
669 3239 827 3300 arcemque
850 3221 964 3292 attollit,
988 3223 1052 3283 iura
1069 3222 1232 3302 domosque
1253 3222 1311 3291 dat,

164 3325 304 3384 iuventus
333 3331 430 3386 autem
457 3323 592 3384 conubiis
623 3325 758 3403 arvisque
787 3330 941 3402 operatur,
977 3323 1054 3385 Sirio
1085 3325 1207 3385 ardente
1230 3321 1312 3404 (141)

164 3425 230 3485 lues
253 3424 352 3486 subito
376 3423 459 3506 (137)
483 3428 586 3496 oritur,
611 3443 668 3504 qua
690 3424 768 3505 pulsi
789 3427 855 3504 ipso
877 3423 983 3486 hiemis
1005 3427 1088 3487 initio
1106 3423 1187 3506 (195)
1210 3445 1313 3486 rursus

166 3535 259 3606 ponto
283 3547 314 3589 se
338 3527 473 3592 credunt.
519 3527 698 3607 ‘Postquam
721 3527 810 3589 altum
834 3535 958 3588 tenuere
985 3536 1065 3589 rates
1087 3548 1143 3589 nec
1169 3530 1228 3590 iam
1251 3547 1311 3588 am·

165 3629 246 3708 plius
268 3629 346 3690 ullae
369 3637 513 3709 apparent
534 3632 651 3690 terrae'
676 3626 748 3708 (192
772 3629 843 3710 sq),
873 3630 969 3706 surgit
990 3636 1167 3709 tempestaS,
1197 3637 1231 3690 ut
1253 3637 1312 3690 tres

162 3730 227 3791 dies
251 3738 279 3790 et
301 3737 405 3791 noctes
429 3739 530 3792 errent
557 3730 663 3810 pelago
688 3727 779 3812 (204).
825 3730 936 3801 Quarto
960 3730 995 3790 ad
1019 3731 1202 3812 Strophades
1225 3731 1313 3792 delati
1416 3775 1420 3778 -

164 3828 248 3913 (205)
272 3834 371 3892 statim
389 3829 470 3913 (225)
486 3833 677 3912 harpyiarum
694 3832 875 3893 obscenitate
891 3833 1089 3895 deterrentur.
1113 3833 1191 3911 Ergo
1207 3833 1311 3894 eodem

164 3935 290 3996 tortasse
315 3933 362 3994 die
386 3935 546 4012 effugiunt:
571 3953 640 3994 mox
657 3931 738 4016 (275)
762 3935 792 3994 in
807 3937 892 3996 Aetio
914 3935 1000 3997 litore
1023 3934 1183 4004 anchoram
1207 3937 1309 4014 figunt,

162 4035 216 4096 ubi
238 4035 399 4098 secundam
423 4036 554 4096 hiemem
571 4032 645 4117 (284
660 4033 713 4115 sq.)
737 4055 862 4117 corpora
880 4047 1018 4099 curantes
1032 4039 1209 4116 transigunt.
1233 4036 1310 4098 Vere

160 4139 251 4199 tertio
273 4138 342 4198 hinc
365 4139 492 4218 proiecti
514 4137 601 4198 litora
624 4139 707 4217 Epiri
729 4137 831 4216 legunt
855 4136 947 4221 (292),
978 4140 1012 4200 ad
1035 4139 1185 4200 Helenum
1208 4139 1310 4200 dever-

160 4247 238 4301 tunt.
270 4240 327 4300 Sed
351 4239 403 4300 ubi
426 4240 505 4300 ‘dies
521 4239 655 4320 alterque
679 4240 742 4300 dies
764 4244 919 4320 processit,
945 4249 973 4302 et
995 4261 1085 4302 aurae
1108 4241 1170 4304 vela
1186 4245 1308 4302 vocant’

161 4339 255 4421 (356),
278 4343 419 4403 traiciunt
435 4341 571 4421 pelagum
587 4341 698 4402 ltaliam
715 4361 829 4415 versus,
853 4343 932 4423 quod
949 4352 1017 4404 ante
1033 4343 1181 4404 Kalendas
1193 4342 1309 4422 Apriles

159 4444 263 4514 luerit,
297 4445 322 4504 si
350 4444 467 4523 quidem
491 4452 628 4504 accurate
651 4443 796 4522 Vergilius
823 4445 953 4505 siderum
984 4453 1081 4506 ortum
1112 4453 1141 4505 et
1169 4462 1306 4506 occasum
