3276 5050
610 427 853 471 rnonnoounua.
1066 387 1077 444 ⁸
1267 404 1309 472 95

158 598 263 666 sisset,
294 615 353 657 non
377 596 524 675 potuisset
546 595 682 674 prolecto
712 595 769 655 alio
797 613 883 657 soror
906 613 995 656 sensu
1017 597 1154 676 accipere
1177 597 1234 657 nisi
1256 615 1307 658 ou·

159 698 275 760 mulum
299 700 411 776 gratiae
434 703 561 758 mortem
579 697 724 758 Didonem
746 716 829 758 suam
852 697 1018 760 addituram
1043 717 1116 768 esse,
1140 700 1226 760 cuius
1240 717 1309 778 pro-

159 801 247 861 missi
270 801 456 860 atrocitatem
480 801 547 877 quis
569 819 630 860 non
653 801 777 860 miretur
792 799 905 860 Annam
923 819 961 860 ne
976 800 1067 861 verbo
1083 800 1203 879 quidem
1226 819 1308 862 aver·

160 909 254 963 satam
277 903 387 962 luisset
431 903 526 962 Immo
548 919 672 980 magnos
700 903 814 962 conieci
842 903 974 980 reginam
996 903 1171 981 promisisse
1193 911 1309 963 montes

160 1005 226 1064 anri
250 1005 425 1083 argentique
454 1003 639 1082 aliorumque
667 1005 883 1083 praemiorum¹
899 1005 930 1064 in
958 1011 1017 1063 tam
1047 1005 1144 1082 exigui
1172 1004 1308 1066 beneficii

161 1107 296 1183 gratiam.
348 1106 391 1166 Gl.
409 1106 491 1166 Pers.
516 1102 619 1167 11165
642 1106 703 1186 (ubi
725 1125 750 1166 v.
776 1106 810 1166 0.
835 1105 917 1185 lahn)
947 1104 1041 1166 Plauti
1063 1104 1124 1165 mil.
1148 1106 1200 1165 llll
1221 1103 1251 1174 2,
1269 1104 1309 1167 73

161 1207 231 1266 Ter.
261 1201 416 1267 Phorm'l
438 1203 472 1276 2,
503 1204 552 1268 18.
603 1207 644 1268 ue
679 1206 847 1269 litterarum
880 1215 977 1267 autem
1012 1205 1164 1286 archetypi
1198 1207 1308 1268 codicis
1342 1215 1352 1226 '

161 1308 352 1385 ambignitate
380 1307 457 1369 inlra
485 1309 525 1370 ita
552 1307 722 1386 disputabo,
746 1305 786 1390 :ut
813 1308 851 1369 de
878 1307 1089 1388 probabilitate
1119 1310 1308 1370 coniecturae

162 1427 238 1487 quae
267 1409 374 1470 dicitur
402 1419 524 1470 externa
546 1410 676 1470 dubitari
699 1418 835 1488 nequeat.

249 1511 329 1571 Duos
352 1509 515 1571 versiculos
538 1511 647 1590 quibus
670 1513 804 1588 quintum
829 1511 937 1573 librum
962 1511 1150 1573 concluserat
1165 1512 1310 1590 Vergilius

163 1612 242 1692 qnod
277 1615 395 1673 initium
430 1614 505 1672 sexti
540 1631 605 1672 esse
640 1612 810 1674 maluerunt
843 1615 938 1682 amici,
972 1615 997 1674 si
1019 1614 1140 1675 Homeri
1175 1615 1310 1694 exemplo

160 1715 200 1794 (η.
225 1715 255 1793 ν)
281 1723 392 1775 tantum
417 1721 558 1792 quantum
582 1715 704 1776 Servius
732 1715 917 1784 tribuerunt,
946 1734 1005 1776 nou
1029 1716 1308 1787 animadverterunt,

161 1819 213 1895 qui
243 1817 399 1877 Homerica
427 1817 560 1876 carmina
589 1815 775 1896 collegerunt
802 1815 876 1876 haec
912 1817 1032 1878 exordia
1061 1837 1128 1878 cum
1158 1821 1310 1896 sequentis

162 1920 302 1978 orationis
325 1918 374 1978 lilo
397 1919 438 1979 ita
460 1919 521 1977 sive
544 1920 627 1997 ipsos
650 1920 839 1979 contexuisse
861 1920 921 1979 sive
937 1927 1073 1980 contexta
1095 1921 1253 1988 invenisse,
1278 1927 1310 1980 ut

162 2021 293 2098 separari
316 2019 385 2080 inde
415 2037 474 2080 non
508 2027 640 2097 possent.
693 2019 776 2090 Quod
806 2018 892 2080 aliter
919 2022 1046 2081 instituit
1068 2021 1229 2099 Vergilius,
1260 2023 1309 2098 qui

161 2121 281 2181 tertium
298 2137 423 2200 quoqne
445 2121 555 2182 librum
578 2123 621 2181 sic
643 2121 748 2181 linivit:
773 2122 835 2180 ‘sic
857 2127 941 2198 pater
956 2123 1100 2190 Aeneas’,
1124 2123 1160 2182 ad
1176 2124 1308 2200 reginam

163 2230 261 2282 autem
278 2223 420 2302 sequenti
437 2222 556 2283 demum
572 2224 697 2292 transiit,
714 2223 784 2302 item
800 2229 939 2301 quartum
954 2221 1013 2284 his:
1038 2225 1098 2283 ‘sic
1114 2226 1170 2284 ait'
1187 2243 1213 2282 e.
1231 2241 1257 2300 q.
1276 2243 1309 2292 s.‚

164 2332 193 2383 ct
216 2323 353 2384 similiter
377 2323 534 2385 decimum.
566 2325 669 2404 ltaque
692 2323 857 2385 landandus
878 2324 996 2386 videtur
1010 2323 1135 2394 Probus,
1159 2325 1238 2404 quod
1262 2345 1309 2386 or·

163 2424 263 2485 dinem
286 2443 302 2484 a
325 2431 411 2504 poeta
434 2425 571 2487 relictum
598 2427 717 2486 restitui
738 2425 837 2496 voluit,
862 2443 1040 2505 quamquam
1063 2445 1119 2486 nec
1141 2429 1240 2504 magni
1262 2446 1309 2487 re·

163 2525 278 2587 screbat
300 2545 356 2586 nec
378 2529 477 2588 secuti
500 2529 563 2588 eius
578 2529 783 2589 coactoritatem
810 2535 879 2588 sunt
901 2529 952 2607 qui
967 2536 1086 2589 nostros
1102 2528 1218 2589 codices
1240 2547 1310 2589 con·

73 2687 89 2707 ,,
163 2631 360 2708 scripserunt.
392 2630 536 2689 Vitiosum
560 2631 648 2700 enim,
672 2637 705 2690 ut
725 2630 802 2709 apud
819 2630 968 2690 Servium·
978 2630 1014 2690 ad
1029 2632 1100 2691 Aen.
1118 2630 1171 2690 llll
1188 2629 1203 2690 1
1222 2639 1309 2700 extat,

164 2749 200 2791 ex
221 2729 351 2808 abrupto
375 2733 532 2791 transitum
554 2732 719 2792 iudicantes
757 2730 872 2792 vinculo
894 2731 992 2809 aliquo
1015 2734 1155 2810 coniungi
1177 2733 1256 2793 inter
1278 2751 1310 2792 se

163 2832 255 2893 libros
277 2849 395 2910 quoque
418 2831 584 2892 voluerunt.
624 2833 666 2894 Gi.
692 2833 774 2894 Serv.
802 2833 838 2894 ad
861 2833 901 2893 lX
925 2831 954 2893 l.

249 2933 437 2995 Schedarum
470 2946 670 3014 versuumque
702 2935 838 2995 ordinem
867 2934 1043 3014 aliquotiens
1069 2936 1128 2996 iam
1161 2953 1177 2995 a
1206 2937 1311 3015 primis

164 3034 330 3096 editoribus
352 3034 504 3097 turbatum
529 3054 595 3096 esse
617 3038 648 3096 iu
671 3036 787 3096 emend.
812 3034 920 3114 Vergil.
944 3033 974 3096 6.
1000 3033 1040 3096 10
1054 3053 1117 3116 sqq.
1143 3039 1310 3116 suspicatus

163 3156 242 3207 sum,
273 3155 401 3214 quorum
435 3137 471 3198 ab
504 3156 594 3216 opera
624 3139 649 3198 si
678 3126 848 3198 nostrorum
878 3138 1013 3199 codicum
1037 3140 1120 3216 origo
1148 3139 1309 3218 repetenda

164 3241 217 3306 sit,
250 3257 355 3318 parurn
379 3241 499 3300 omnino
522 3248 660 3301 auctorate
684 3247 713 3299 et
735 3239 898 3318 prudenter
922 3241 1019 3300 olticio
1049 3243 1167 3302 iunctos
1193 3241 1304 3302 iudica·

164 3359 265 3400 vernn.
