3230 5046
594 408 838 454 Pnouuoouuun.
1226 387 1288 452 267

244 596 290 656 ge.
315 579 327 638 1
353 575 413 641 135
435 579 484 640 ΕΤ
507 585 539 638 ut
561 577 650 639 voluit
671 579 852 656 Wagnerus:
882 578 961 654 quod
985 585 1082 638 tamen
1105 577 1213 637 irustra
1238 575 1289 636 de-

436 680 564 741 fendisse
592 680 709 740 videtur
737 680 769 740 E.
799 679 993 740 Hoffmaunus
1022 677 1042 740 1.
1072 677 1102 746 1.,
1132 679 1182 755 qui
1210 677 1289 757 quod

431 780 584 841 ‘torrendi
606 782 711 842 sarris'
740 788 832 841 artcrn
862 781 1021 858 significari
1048 779 1215 860 hoclversu
1238 780 1288 848 ait,

433 881 532 944 intulit
564 882 642 962 quod
681 901 824 962 nusquam
857 882 974 960 legitur.
1031 883 1130 944 Manet
1162 880 1288 960 triplicis

430 984 662 1046 homoeoteleuti
689 985 870 1046 extunderet
899 991 1000 1061 ortes,
1034 989 1194 1059 quaereret
1222 985 1289 1042 tter-

432 1089 514 1157 bom,
549 1088 714 1149 excuderet
741 1090 840 1161 ionem
867 1085 992 1147 molesta
1019 1085 1211 1145 conformitas
1234 1103 1290 1144 nac
1414 1099 1416 1105 ’

433 1189 554 1249 omnino
577 1188 614 1249 de
636 1188 702 1249 cibo
717 1187 858 1267 parando,
882 1187 933 1248 sed
956 1187 994 1248 de
1016 1188 1079 1264 agri
1102 1185 1219 1246 colendi
1242 1204 1290 1246 ar-

434 1290 513 1352 tibus
534 1293 566 1350 in
588 1290 647 1351 hoc
668 1289 745 1350 libro
769 1291 880 1368 agitur,
913 1295 945 1350 ut
967 1289 1137 1350 etiamnunc
1158 1290 1290 1368 interpo-

371 1461 375 1466 ,
431 1391 523 1454 latum
545 1393 668 1454 habeam
693 1409 821 1452 versum.
1316 1471 1318 1475 ,

350 1491 408 1556 137
432 1494 530 1556 TVNC
559 1494 638 1572 quod
666 1495 758 1554 miror
780 1493 813 1554 E.
837 1493 1048 1554 Hoffmannum
1076 1489 1096 1551 l.
1126 1491 1145 1552 1.
1174 1510 1204 1570 p.
1230 1489 1290 1552 138

438 1595 613 1656 defendisse.
645 1596 708 1674 Ego
724 1594 920 1655 differentiam
939 1596 1018 1655 inter
1029 1602 1101 1655 tunc
1119 1592 1170 1672 (=
1183 1597 1291 1672 tumea)

436 1705 464 1758 et
485 1706 547 1759 tum
569 1695 680 1758 nullam
708 1697 793 1757 video
822 1697 879 1756 nisi
908 1695 986 1773 quod
1013 1694 1064 1755 illo
1086 1697 1185 1756 acrius
1206 1713 1290 1754 mon·

436 1805 554 1860 stratur.
599 1800 678 1876 Ergo
700 1800 784 1858 initio
808 1799 972 1858 sententiae
997 1815 1022 1858 v.
1049 1794 1289 1876 1361661666-

434 1902 525 1961 situm
555 1909 600 1962 cst
633 1908 704 1962 tune
727 1903 828 1974 alnos,
859 1900 890 1958 in
918 1899 1025 1959 ceteris
1053 1897 1195 1958 membris
1218 1916 1289 1960 enu-

435 2003 607 2064 merationis
646 2001 782 2062 omnihus
816 1997 885 2062 137.
924 1996 994 2060 139.
1031 1995 1100 2060 143.
1137 1995 1198 2060 145
1231 2007 1291 2060 tum

435 2103 556 2164 voculae
577 2103 661 2165 locus
690 2110 761 2163 erat.
812 2103 856 2163 Ne
885 2100 1009 2162 auribus
1038 2100 1158 2181 quidem
1185 2101 1291 2180 peritis

391 2279 398 2292 ¹
434 2213 506 2267 tunc
527 2209 620 2266 stellis
641 2203 780 2284 placebit.
802 2280 810 2291 ἡ

355 2303 415 2368 138
429 2307 608 2368 'Pinianus
1081 2379 1084 2395 Ι

434 2409 590 2470 411610-
624 2405 788 2485 (dubitandi
821 2408 938 2484 signum
971 2405 1109 2486 adposuit
1145 2405 1288 2474 Pertzius,
1402 2463 1407 2482 ,

433 2511 486 2571 sed
514 2503 702 2572 confirmavit
732 2508 805 2569 mihi
833 2510 1011 2587 scripturam
1041 2527 1094 2568 suo
1121 2508 1290 2568 testimonio

434 2613 519 2691 Hugo
541 2609 704 2691 Hinckius).

216 2709 217 2714 ’
352 2711 411 2775 146
433 2714 622 2775 IMPROBVS
645 2713 755 2774 Anno

434 2815 605 2876 SVRGENS
627 2817 739 2876 AMlP

432 2917 624 2979 AEGESTAS
644 2919 748 2980 Abtct

159 3077 168 3086 .
351 3017 411 3082 152
434 3018 602 3080 CARDVVS
624 3020 798 3096 AMPnyoc

253 3171 254 3175 ,
351 3118 412 3182 155
433 3120 589 3182 TERRAM
611 3122 706 3181 Anca

350 3219 410 3284 159
434 3223 628 3284 SOLAVERE
651 3223 708 3282 An
839 3251 841 3254 ·

351 3322 410 3387 161
434 3327 498 3386 sinc
521 3323 590 3404 nec]
615 3323 723 3384 SINEC

433 3426 566 3488 MESSIS
588 3426 645 3485 ΑΡ

350 3526 410 3591 163
433 3528 618 3589 ELEVSINE
967 3577 969 3581 .

349 3627 411 3692 164
432 3630 582 3690 TRAHAE
604 3636 637 3688 ut
659 3629 787 3691 Nonius:
810 3629 854 3704 cf.
879 3630 955 3707 Myc

349 3729 409 3794 165
432 3709 566 3793 ocanni
588 3732 674 3809 AMy

432 3833 599 3894 SVPPLEX

349 3933 409 3997 166
431 3933 593 3996 MYSTIGA
615 3935 744 4014 AMPyo

348 4035 407 4099 167
430 4037 590 4100 PROVlSA
612 4039 761 4116 AMnyoc

349 4137 409 4201 168
431 4140 587 4200 ΜΑΝΕΝΤ

349 4240 410 4304 170
430 4241 587 4304 ACCEPIT
610 4244 673 4303 Ab!
1096 4303 1098 4307 ,

349 4340 407 4405 171
433 4343 529 4412 suln,
555 4362 703 4423 suprascr.
727 4363 765 4404 m.
790 4343 892 4404 eadem
915 4345 962 4406 PE

254 4429 261 4439 ⁸
349 4441 410 4506 173
433 4462 476 4522 sq.
500 4445 558 4505 hoc
580 4445 686 4506 ordine
709 4453 740 4506 ui
762 4447 854 4506 ceteri
876 4444 945 4506 libri
