3276 5050
636 440 879 483 euouueouuux.
899 445 900 450 ¹
1268 407 1329 488 1'55

183 610 344 670 asteriscus
367 607 476 687 adponi
498 607 624 668 traditur
647 609 695 668 ‘in
718 607 779 683 hic,
809 627 885 689 quae
909 612 1016 672 omissa
1040 619 1124 680 sunt,
1156 620 1187 672 ut
1208 612 1352 676 inlueis·'

183 717 251 772 canl
272 729 328 790 per
351 728 415 770 eam
439 716 538 770 notam
563 729 638 790 quae
661 709 766 770 deesse
789 711 969 773 videantur'.
1000 716 1088 791 Atqui
1104 715 1208 776 deesse
1230 723 1331 777 monet

182 815 352 876 Priscianus
374 828 420 887 es,
451 811 542 889 idque
571 814 670 892 ipsum
698 812 844 890 glossator
870 821 973 875 noster
1002 823 1031 876 et
1053 818 1196 878 asterisco
1224 836 1279 879 suo
1303 825 1331 878 et

183 919 244 995 ipsa
268 917 396 977 lortasse
418 932 450 975 es
471 913 575 976 vocula
597 915 810 994 suprascripta,
834 915 913 976 unde
936 935 1016 978 nune
1038 937 1052 979 s
1074 918 1231 990 relicuum,
1254 921 1330 982 indi·

184 1020 269 1080 cavit.
314 1017 379 1078 Nisi
401 1016 556 1077 lorte·bac
578 1017 641 1094 ipsa
664 1036 678 1078 s
701 1016 799 1078 littera
823 1019 989 1096 significare
1012 1019 1111 1092 voluit,
1136 1024 1330 1102 separandam

188 1121 416 1200 esseseriptura
440 1138 455 1178 a
478 1117 609 1199 reliquis,
633 1126 666 1178 ut
681 1117 939 1200 pollicitu’squod
953 1121 1029 1183 edidi
1044 1124 1191 1185 evaderet.
1215 1123 1334 1204 Virgula
1401 1105 1404 1119 ⁸

185 1205 282 1283 aut'em
306 1222 454 1301 adpuncta
476 1222 601 1292 fortasse
624 1219 809 1298 glossematis
836 1221 929 1301 magis
957 1226 1164 1304 compendium
1181 1235 1226 1288 est
1243 1247 1331 1308 quam

187 1333 256 1385 nota
273 1325 387 1385 critica.
426 1324 619 1385 Notissimum
642 1325 731 1393 enim,
755 1332 798 1384 est
821 1324 955 1385 voculam
977 1327 1007 1386 in
1023 1326 1107 1389 libris
1122 1331 1332 1406 manuscriptis

185 1428 359 1506 saepissime
382 1425 440 1488 hoo
462 1425 538 1504 siglo
560 1447 603 1469 -·-
625 1425 766 1486 indicari:
791 1426 862 1505 quid
884 1428 975 1505 igitur
998 1429 1024 1490 si
1046 1428 1104 1490 hoo
1125 1450 1168 1488 -ι-
1189 1447 1221 1492 es
1242 1433 1332 1510 signi·

184 1531 273 1590 ficare
295 1527 389 1590 voluit
410 1527 573 1607 glossator?
627 1515 631 1526 ¹

270 1631 366 1692 Etiam
391 1633 493 1708 dritten
516 1633 713 1708 apertsticton
737 1629 829 1691 semel
852 1631 883 1691 in
907 1631 1026 1694 schedis
1047 1632 1196 1696 Vaticanis
1224 1637 1332 1706 inveni,

184 1734 236 1795 sed
259 1753 297 1796 ne
321 1752 385 1794 eam
409 1733 528 1810 quidem
553 1731 609 1793 alio
633 1731 756 1794 consilio
779 1735 922 1812 positam,
954 1737 1010 1796 nisi
1032 1743 1065 1796 ut
1087 1736 1123 1798 ab
1146 1739 1204 1798 ima
1227 1739 1334 1816 pagina

185 1835 350 1897 versiculus
373 1835 409 1895 ad
433 1853 500 1895 eum
522 1834 637 1904 locum,
661 1833 713 1895 ubi
735 1839 978 1914 praetermiserat
999 1836 1153 1910 librarius,
1177 1858 1332 1901 revocare-

184 1945 242 2009 tur,
266 1939 339 1999 Aen.
363 1933 511 1998 1111245.
557 1936 614 1998 Sed
644 1939 772 2014 primum
795 1923 949 2017 Leagoran
972 1940 1189 2021 Syracusanum
1218 1949 1335 2004 constat

184 2039 285 2120 diplen
307 2040 475 2101 Homericis
497 2038 633 2100 versibus
656 2038 826 2100 adhibuisse
856 2040 910 2101 ‘ad
934 2044 1153 2121 separationem
1177 2043 1294 2124 Olympi
1317 2065 1334 2105 a

185 2141 294 2211 caelo’,
318 2141 375 2202 hoc
399 2147 444 2202 est
466 2141 605 2202 omnibus
627 2140 711 2216 locis,
734 2140 786 2202 ubi
807 2141 854 2201 vel
877 2161 963 2203 mons
986 2143 1129 2224 Olympus
1152 2144 1197 2205 vel
1220 2146 1333 2207 eaelum

185 2246 415 2322 significaretur:
441 2243 549 2303 deinde
571 2242 763 2304 Aristarchus
787 2261 818 2303 ea
842 2263 915 2304 usus
938 2263 1004 2306 esse
1026 2247 1122 2307 lertur
1150 2249 1198 2307 ‘in
1222 2247 1332 2318 multis,

184 2365 264 2408 nunc
300 2365 333 2406 ea
366 2363 442 2423 quae
474 2353 597 2424 praeter
630 2345 876 2407 consuetudinem
909 2354 968 2407 tem
997 2349 1073 2408 vitae
1103 2355 1223 2410 nostrae
1245 2369 1333 2431 quam

183 2451 278 2529 ipsius
301 2451 426 2528 poetae’
450 2448 529 2527 apud
551 2447 714 2508 Homerum
738 2449 962 2510 ‘invenirentur
984 2450 1139 2521 adnotans,
1163 2469 1242 2514 nunc
1264 2471 1333 2531 pro-

183 2553 263 2631 prias
285 2551 382 2630 ipsius
404 2549 529 2628 figuras,
559 2549 709 2610 interdum
739 2568 773 2610 ea
795 2551 826 2610 in
849 2550 957 2630 quibus
980 2554 1119 2632 copiosus
1142 2561 1202 2624 est,
1231 2574 1334 2616 rursus

184 2671 258 2732 quae
281 2651 375 2713 semel
398 2652 475 2730 apud
500 2659 566 2712 eum
589 2659 784 2732 ponerentur.
816 2651 952 2714 similiter
974 2655 1003 2714 in
1027 2651 1141 2716 nostris
1162 2658 1334 2718 auctoribus

183 2753 297 2815 Probus
306 2759 325 2812 ’.
356 2752 499 2832 (Sueten.)
535 2753 614 2832 Ergo
637 2755 739 2814 nescio
761 2773 799 2815 an
822 2753 870 2816 hie
892 2774 1011 2836 quoque
1033 2755 1125 2827 locos,
1150 2759 1201 2819 ubi
1217 2759 1334 2840 Olympi

183 2859 296 2917 mentio
318 2857 365 2926 lit,
394 2859 530 2939 inprimis
552 2861 624 2920 hen.
648 2856 684 2916 Vl
707 2852 769 2917 782
798 2856 878 2936 diple
900 2859 1056 2919 notaverit.
1108 2860 1246 2922 Ceterum
1269 2863 1333 2923 hri·

183 2959 294 3020 starchi
318 2978 404 3021 usum
429 2961 520 3020 certis
542 2958 652 3021 linibus
675 2958 879 3019 circumscribi
903 2966 933 3019 et
955 2959 1071 3022 duobus
1093 2963 1221 3023 maxime
1243 2981 1333 3041 gene·
1356 3009 1362 3024 .

183 3060 265 3122 ribus
289 3061 406 3122 definiri
428 3061 520 3121 voluit
542 3058 735 3138 Sengebuseb
758 3060 847 3120 Hom.
871 3061 941 3120 diss.
965 3061 1028 3140 lp.
1053 3059 1094 3124 25
1117 3081 1178 3141 sq„
1205 3082 1332 3143 quorum

184 3182 277 3224 unum
301 3163 336 3224 ad
360 3182 412 3224 eos
435 3162 517 3224 locos
540 3162 661 3240 ‘quibus
683 3163 713 3221 in
730 3161 855 3222 aliorum
879 3161 1012 3223 locorum
1036 3163 1145 3241 κρίσει
1167 3168 1332 3238 ususluit’,

183 3264 309 3325 alterum
333 3263 370 3324 ad
399 3282 452 3325 'eos
480 3264 752 3342 ‘quibusaliumle
780 3263 878 3324 lucem
902 3263 1017 3324 ettulit’
1045 3267 1220 3342 pertineret.
1270 3267 1333 3338 Oua

183 3368 214 3426 in
248 3385 282 3426 re
316 3372 462 3452 quatenus
496 3385 576 3434 eum,
597 3372 719 3428 secutus
747 3366 786 3426 sit
813 3353 928 3426 Probus
956 3385 1022 3427 cum
1051 3365 1133 3428 nullo
1162 3370 1332 3430 testimonio
1447 3373 1453 3382 '

183 3468 359 3543 doceamur,
391 3470 572 3530 tutissimum
602 3469 658 3528 erit
686 3469 764 3528 intra
791 3469 856 3547 ipsa
878 3467 1003 3528 Parisini
1030 3471 1215 3547 grammatici
1242 3472 1332 3534 rerba

184 3573 387 3632 coniecturam
411 3569 566 3632 cohibere:
591 3571 646 3631 nisi
661 3571 740 3632 lorte
755 3568 856 3630 licebit
878 3568 1029 3631 ariolando
1053 3589 1117 3631 eam
1134 3571 1238 3632 saltem
1254 3575 1332 3635 inter

182 3691 288 3754 puram
313 3680 342 3733 et
364 3679 534 3751 punctatem
557 3671 656 3752 diplen
680 3672 877 3732 differentiam
894 3679 1034 3742 statuere,
1058 3681 1090 3734 ut
1114 3673 1216 3734 eadem
1232 3682 1333 3735 mente

182 3774 232 3835 illa
256 3775 291 3836 ad
315 3775 578 3855 interpretationes
600 3793 658 3854 qua
679 3774 753 3836 haec
776 3773 812 3835 ad
835 3773 926 3834 crisin
950 3773 1156 3835 adhiberetur:
1191 3776 1332 3838 nimirum

182 3875 363 3954 ubicumque
386 3875 432 3937 vel
456 3875 581 3937 aliorum
605 3876 832 3956 explicationem
847 3875 996 3938 refutabat
1017 3875 1062 3936 vel
1084 3877 1152 3937 novi
1176 3876 1245 3956 quid
1268 3880 1332 3957 ipse

183 3977 339 4038 adferebat
360 3985 393 4038 ut
415 3997 519 4058 puram
544 3977 644 4057 diplen
667 3978 838 4058 adponeret.
917 3977 919 3988 '

266 4079 418 4160 Exemplis
441 4087 474 4140 ut
496 4081 599 4160 paucis
623 4079 775 4158 defungar,
800 4078 878 4159 diple
901 4086 969 4158 apta
991 4080 1106 4140 videtur
1121 4081 1212 4141 luisse
1228 4081 1264 4141 ad
1280 4101 1332 4143 eos

181 4180 282 4249 locos,
307 4181 358 4241 ubi
381 4182 505 4244 Cornuti
527 4183 749 4242 criminationes
772 4181 912 4242 refutavit
940 4181 1005 4262 (ecl.
1030 4181 1067 4242 Vl
1090 4178 1130 4242 76
1154 4189 1182 4242 et
1204 4183 1331 4244 lortasse

181 4301 227 4361 gc.
252 4279 333 4344 1115
357 4290 385 4344 et
400 4284 472 4344 hen.
496 4283 521 4343 ll
544 4280 628 4360 314),
652 4302 744 4363 porro
766 4280 817 4343 ubi
838 4285 983 4345 sublustri
1002 4284 1113 4345 rectius
1136 4301 1222 4363 quam
1238 4286 1331 4365 Asper

182 4384 338 4465 explicavit
360 4384 395 4445 ad
411 4387 483 4446 Aen.
505 4381 643 4455 1x373,
668 4386 703 4445 ad
726 4384 885 4447 notandam
906 4385 1081 4464 quamhen.
1097 4382 1215 4447 x1830
1236 4389 1330 4447 anim·
