3212 5042
318 422 360 486 26
538 490 541 496 ,
772 442 1011 485 rraouucoumva.

317 626 380 678 tum
403 617 556 694 genetiuis,
581 614 617 674 de
642 612 799 674 verborum
821 614 853 672 iu
877 613 957 690 ‘geo'
982 613 1180 676 desinentium
1203 616 1366 692 praeterito
1394 633 1467 694 pro·

317 718 460 788 tulerunt,
484 718 709 796 grammaticum
733 717 863 796 produnt
877 717 908 776 in
923 717 1139 778 reconditiores
1161 716 1280 778 voculas
1303 723 1333 778 et
1354 719 1468 779 formas

317 819 496 899 colligendas
524 827 553 880 et
581 819 804 900 perlustrandas
832 821 926 898 magis
948 838 1035 900 quam
1064 821 1095 879 iu
1124 821 1287 896 scriptores
1319 833 1467 901 perpetuo

318 925 531 984 commentario
554 921 747 984 illustrandos
762 923 919 992 intentum,
943 930 976 983 nt
990 921 1171 983 Ritschelius
1192 941 1310 1002 parerg.
1327 920 1391 984 370
1405 931 1467 986 tam

316 1026 467 1088 Plautinos
490 1044 579 1106 quam
601 1025 799 1086 Terentianos
823 1027 1051 1087 commentarios
1080 1025 1116 1085 ab
1146 1043 1181 1086 eo
1204 1027 1370 1087 rectissime
1393 1026 1466 1087 alie·

316 1147 372 1190 nos
395 1127 536 1190 habuisse
559 1129 700 1190 videatur.
745 1129 840 1207 Atque
863 1127 952 1188 simili
973 1146 1044 1188 saue
1066 1129 1182 1188 ratione
1204 1145 1376 1190 sermonem
1398 1128 1466 1190 illu·

317 1239 441 1294 stratum
472 1250 487 1292 a
518 1231 604 1294 Celso
632 1229 679 1291 bis
708 1232 795 1291 etiam
824 1234 855 1292 in
884 1232 1033 1309 georgicis
1062 1232 1246 1310 reperimus:
1276 1231 1312 1292 ad
1340 1230 1467 1294 111188

289 1398 291 1404 ,
317 1334 387 1415 quid
416 1335 524 1412 ‘inque
555 1335 666 1394 vicem'
695 1341 725 1394 et
752 1333 788 1393 ad
811 1329 934 1394 111296
963 1333 1032 1411 quid
1063 1332 1149 1394 ‘dum
1178 1338 1265 1395 mox’
1292 1333 1350 1414 sibi
1380 1334 1469 1396 vellet

317 1437 470 1518 quaesivit,
495 1436 547 1496 sed
569 1438 609 1496 ita
632 1443 732 1498 tamen
754 1443 788 1496 ut
809 1435 865 1496 hae
881 1437 1071 1513 quaestiones
1086 1437 1251 1497 sententiae
1267 1439 1361 1514 magis
1377 1447 1489 1515 quam¹
1592 1439 1593 1454 ¹

317 1540 527 1619 grammaticae
550 1534 639 1599 causa
662 1540 813 1599 institutae
837 1557 902 1599 esse
918 1537 1081 1608 videantur,
1105 1557 1174 1599 nam
1190 1537 1400 1601 dubitaverunt
1421 1542 1467 1601 in·

318 1647 465 1722 terpretes
487 1641 524 1702 de
546 1649 673 1719 utroque
696 1641 763 1701 loeo
786 1639 822 1721 (v.
838 1639 967 1719 Philarg.
993 1648 1022 1700 et
1037 1639 1141 1720 Seru).
1187 1641 1318 1719 Longius
1340 1661 1412 1703 vero
1429 1643 1467 1704 ab

308 1746 371 1807 'ista
393 1745 509 1805 ratione
531 1751 646 1805 remota
669 1752 737 1804 suut
752 1742 876 1820 reliqua.
922 1743 996 1803 Nam
1021 1742 1057 1803 ad
1079 1740 1175 1804 1277
1196 1745 1333 1819 pallidus
1348 1745 1469 1806 Horcus

318 1848 496 1926 scripturam
518 1845 654 1925 probavit
677 1853 706 1906 et
729 1865 782 1906 cur
805 1845 996 1907 iurisiurandi
1018 1845 1092 1906 deus
1119 1845 1247 1925 pallidus
1278 1846 1393 1908 dicatur
1417 1867 1467 1908 ex·

317 1949 437 2030 plicavit
461 1947 574 2027 (Serv),
600 1948 635 2009 ad
658 1945 768 2010 11482
792 1947 892 2008 docuit
915 1947 1085 2009 ‘Oceanum
1109 1949 1277 2025 significari,
1309 1950 1361 2026 qui
1383 1957 1467 2011 aestu

317 2071 372 2112 suo
395 2051 501 2112 dilirdit
524 2060 635 2112 terram
657 2052 735 2112 inter
757 2051 963 2112 Mauritaniam
987 2057 1016 2110 et
1038 2050 1226 2129 Hispaniam'
1257 2069 1351 2130 eoque
1380 2071 1466 2131 spec·

317 2163 381 2216 tare
403 2155 535 2216 obicibus
557 2157 654 2230 ruptis
677 2151 842 2234 (Philarg.),
873 2159 902 2212 et
930 2171 965 2212 ex
996 2151 1102 2213 eodem
1132 2155 1348 2214 commentario
1372 2155 1468 2215 Servii

320 2257 471 2318 adnotatio
495 2262 634 2336 excerpta
658 2264 716 2316 est:
748 2255 817 2317 ‘alii
840 2257 883 2316 sic
905 2255 1069 2334 accipiunt,
1101 2254 1179 2337 quod
1203 2256 1299 2334 ruptis
1322 2255 1466 2325 obicibus,

243 2367 246 2373 '
318 2363 336 2421 i.
362 2380 388 2421 e.
413 2359 501 2439 Calpe
525 2367 554 2419 et
575 2357 691 2420 Atlante
714 2356 864 2426 montibus
886 2356 1046 2436 Hispaniae
1070 2363 1099 2416 et
1113 2357 1314 2418 Mauretaniae
1330 2359 1468 2419 Oceanus
1512 2351 1515 2357 ’

319 2464 454 2542 eruperit
476 2469 505 2521 et
526 2462 582 2521 ista
605 2461 710 2522 lecerit
732 2435 838 2528 marias
858 2460 937 2536 quod
961 2478 1020 2520 non
1036 2459 1188 2537 procedit'
1213 2477 1237 2520 e.
1257 2477 1284 2537 q.
1302 2480 1325 2520 s.
1371 2461 1467 2522 Porro

320 2565 355 2626 ad
379 2565 420 2624 lll
441 2561 504 2625 313
528 2562 692 2624 ciliciorum
716 2581 805 2623 usum
827 2560 913 2632 docte
935 2561 1103 2640 illustravit,
1133 2562 1183 2622 ubi
1205 2561 1408 2643 Philargyrius
1431 2564 1466 2623 ad

320 2664 409 2727 verba
440 2668 546 2726 ‘usum
569 2667 600 2725 in
623 2669 808 2725 castrorum'
831 2665 993 2724 adnotavit:
1019 2663 1113 2744 ‘quod
1135 2663 1204 2724 inde
1228 2671 1376 2725 tormenta
1397 2665 1468 2726 nam

319 2771 450 2845 itemque
474 2765 583 2836 cilicia,
612 2785 687 2846 quae
711 2765 812 2827 Celsus
835 2768 875 2827 ait
896 2766 1048 2828 rettulisse
1071 2769 1233 2827 Varronem
1263 2765 1309 2845 (de
1337 2784 1370 2827 re
1393 2775 1465 2828 rust.

319 2871 344 2932 ll
369 2868 406 2930 ll
424 2871 510 2948 extr.)
539 2869 605 2929 ideo
628 2871 672 2929 sie
695 2868 854 2948 appellari,
886 2868 963 2947 quod
987 2888 1059 2930 usus
1084 2887 1188 2930 eorum
1211 2869 1360 2930 incilicia
1383 2877 1467 2930 ortus

287 3011 290 3018 .
321 2975 386 3043 sit'·,
411 2990 485 3052 quae
509 2970 642 3050 suppleri
664 2973 781 3052 possint
802 2991 838 3032 ex
862 2973 1011 3033 Servianis
1035 2969 1170 3032 scholiis:
1196 2973 1244 3032 ‘iu
1267 2991 1352 3033 usum
1370 2980 1466 3034 autem

320 3069 488 3138 castrorum
511 3073 577 3134 ideo
601 3073 690 3144 dixit,
720 3076 789 3152 quia
812 3075 849 3135 de
872 3073 975 3135 ciliciis
999 3082 1028 3134 et
1055 3072 1209 3153 poliuntur
1231 3073 1341 3134 loricae
1365 3081 1394 3134 et
1424 3081 1466 3135 te·

324 3185 433 3258 guntur
455 3174 585 3238 tabulata
608 3178 750 3248 turrium,
774 3195 812 3238 ne
834 3179 919 3238 iactis
942 3176 1056 3237 lacibus
1078 3177 1154 3253 ignis
1176 3177 1271 3256 possit
1294 3175 1465 3237 adhaerere.
1498 3221 1506 3240 ,

321 3289 350 3343 ιι
373 3281 450 3341 bene
473 3279 574 3340 laudat
596 3279 724 3359 capellas
747 3279 849 3340 dicens
873 3279 1037 3340 ciliciorum
1066 3297 1151 3338 usum
1182 3280 1263 3339 etin
1286 3279 1362 3338 mari
1385 3280 1467 3338 etin

321 3393 400 3445 terra
422 3382 567 3462 prodesse
589 3381 792 3444 mortalibus'.
837 3381 919 3442 Talia
948 3361 1043 3444 alibna
1072 3399 1137 3441 esse
1160 3399 1176 3440 a
1205 3381 1249 3440 rei
1277 3382 1412 3451 rusticae,
1435 3399 1468 3442 ac

320 3485 458 3546 militaris
487 3485 634 3562 scriptore
663 3483 799 3546 Cornelio
830 3482 915 3545 Celso
944 3485 1009 3561 quis
1038 3481 1243 3544 contenderit?
1293 3483 1354 3544 Nec
1369 3482 1467 3543 video

320 3607 379 3669 (quo
401 3589 466 3648 iure
483 3584 718 3647 Graelenhauius
741 3585 808 3646 hist.
832 3584 935 3664 philol.
960 3585 995 3646 lV
1017 3581 1079 3646 308
1103 3584 1218 3655 dixerit,
1243 3585 1277 3646 ad
1302 3603 1352 3646 res
1374 3584 1467 3646 multo

321 3693 420 3752 minus
443 3707 532 3767 quam
556 3688 590 3748 ad
621 3686 709 3748 verba
739 3686 914 3749 illustranda
944 3695 1078 3767 spectare
1107 3687 1189 3748 locos
1219 3706 1309 3767 supra
1336 3705 1466 3750 comme·

320 3801 461 3856 moratos.

405 3895 466 3973 Ego
482 3893 601 3974 quidem
618 3913 685 3954 cum
703 3901 809 3972 reputo
824 3893 940 3974 Hyglni,
965 3894 1015 3969 qui
1032 3899 1062 3954 et
1077 3899 1180 3954 auctor
1196 3892 1317 3971 Vergilii
1332 3894 1363 3953 in
1379 3911 1466 3971 geor·

321 3999 394 4078 gicis
416 3997 472 4058 luit
494 4004 523 4056 et
544 3995 578 4055 ivi
598 3993 781 4057 carminibus
805 3997 870 4056 eius
893 3996 955 4056 acri
978 3995 1076 4055 studio
1099 4002 1233 4056 versatus
1257 4002 1310 4064 est,
1335 3995 1465 4074 discipu·

321 4100 384 4162 lum
406 4101 499 4166 luisse
522 4097 693 4158 Cornelium
716 4096 833 4159 Celsum
856 4100 1015 4177 ipsumque
1039 4097 1105 4158 data
1128 4116 1218 4176 opera
1242 4097 1279 4158 de
1300 4116 1334 4158 re
1356 4099 1467 4158 rustica

325 4202 418 4264 libros
441 4202 606 4280 scripsisse,
631 4206 771 4260 testatum
795 4207 893 4260 autern
910 4198 1028 4261 Celsum
1046 4199 1183 4276 aliquem,
1208 4198 1277 4278 quid
1302 4201 1332 4258 in
1348 4201 1465 4278 georgi·

326 4322 382 4365 con
405 4304 471 4364 loco
494 4302 621 4383 quodam
644 4303 799 4377 reliquerit
826 4310 930 4381 poeta,
960 4311 1068 4371 cetera,
1100 4317 1174 4378 quae
1196 4301 1275 4361 idem
1299 4300 1402 4362 Celsus
1431 4300 1466 4362 ad

325 4409 462 4486 georgica
486 4405 644 4475 adnotavit,
668 4403 818 4465 hominem
835 4404 964 4484 prodere
981 4404 1154 4482 elegantem,
1178 4404 1208 4463 in
1224 4402 1413 4481 geographia,
1437 4405 1467 4464 in

324 4530 357 4572 re
380 4510 499 4578 rustica,
523 4510 554 4570 in
577 4507 697 4570 Hesiodi
721 4527 845 4588 operum
870 4516 898 4568 et
922 4506 1038 4568 dierum
1062 4514 1197 4585 poemate
1221 4513 1386 4576 versatum,
1418 4525 1467 4566 vo·
