3230 5046
618 400 861 448 enocaaouaua
1252 381 1310 445 181

252 570 407 634 Communi
430 591 520 634 sensu
542 573 600 633 nisi
623 571 780 633 destitutus
795 572 910 639 luisset,
934 589 993 630 non
1010 571 1044 632 ad
1062 571 1309 650 simplicissimam

165 675 341 734 sententiam
371 691 416 752 ge.
446 671 558 734 11412
588 673 725 733 ‘laudato
754 675 884 751 ingentia
914 691 998 741 rura,
1033 673 1170 750 exiguum
1205 673 1308 733 colito'

80 831 81 834 ,
165 776 365 836 adnotavisset
393 775 540 836 laudanda
578 774 671 835 videri
693 774 855 842 latifundia,
887 772 981 854 ‘quod
1017 775 1106 834 etiam
1139 792 1199 834 non
1233 773 1310 834 culta

164 884 317 956 praestant
340 876 448 956 aliquid
471 876 622 947 domino’‚
648 893 704 936 nec
726 875 925 945 dubitavisset,
951 877 1035 936 cuius
1058 875 1230 955 apartibus
1252 877 1310 935 Αν-

163 997 239 1040 runs
261 977 400 1038 stetisset
416 978 545 1056 (Servius
569 977 605 1037 ad
626 977 699 1038 Aen.
722 977 761 1037 XI
784 973 845 1038 762
869 985 899 1036 et
920 973 1002 1056 592),
1026 995 1081 1037 nec
1104 977 1140 1036 ad
1160 978 1232 1036 Aen.
1257 977 1310 1037 Xll

162 1077 227 1142 529
249 1098 293 1159 sq.
317 1080 410 1140 Turni
441 1087 540 1140 atavos
569 1086 598 1138 et
626 1097 695 1140 avos
723 1078 856 1155 intellegi
878 1080 1022 1148 iussisset,
1046 1097 1084 1139 ne
1106 1099 1132 1138 v.
1156 1075 1217 1139 638
1240 1098 1308 1138 nar·

163 1188 245 1242 reret
267 1182 366 1240 sorori
382 1181 500 1240 Turnus
523 1199 599 1259 quae
622 1187 708 1258 poeta
733 1180 917 1258 neglegentia
940 1180 1064 1260 quadam
1082 1187 1221 1240 tacuerat.
1251 1180 1311 1240 Neo

164 1281 246 1344 filum
269 1282 449 1342 narrationis
474 1283 569 1341 tonuit
592 1283 644 1358 qui
670 1288 769 1360 raptas
791 1281 845 1342 ‘ab
868 1283 1033 1360 armigero’
1057 1281 1155 1342 lrastas
1176 1282 1310 1341 Turnum

163 1381 287 1452 111763
318 1391 457 1462 torquere
486 1383 619 1450 finxerit,
654 1383 811 1443 immemor
839 1383 933 1444 solum
965 1389 993 1441 et
1021 1383 1109 1442 sociis
1137 1381 1309 1443 destitutum

163 1501 265 1560 regem
294 1485 324 1544 in
355 1490 457 1562 portas
485 1484 629 1560 irrupisse
658 1482 706 1560 (cl.
731 1480 801 1545 729.
828 1480 898 1545 758.
923 1482 993 1544 783.
1018 1479 1080 1544 815
1102 1484 1188 1562 sqq.).
1238 1484 1309 1542 Per·

165 1603 250 1646 verse
272 1584 350 1644 idem
367 1587 437 1646 Aen.
462 1584 501 1644 lll
523 1581 586 1645 675
607 1589 793 1647 commissam
807 1585 942 1646 Pandaro
967 1592 995 1645 et
1011 1585 1105 1644 Bitiae
1127 1593 1243 1664 portam
1266 1587 1310 1646 111-

164 1686 290 1756 tellexit,
326 1686 404 1766 quod
437 1684 542 1764 lalsum
573 1704 638 1747 esse
666 1689 729 1764 ipsa
761 1686 850 1746 verba
879 1687 1000 1747 dooerrt:
1035 1705 1095 1746 non
1131 1687 1209 1746 enim
1238 1685 1311 1746 dixit

163 1794 251 1864 poeta
274 1788 330 1849 tibi
350 1787 394 1846 vel
416 1790 491 1863 apsis
511 1790 711 1856 commissam,
742 1788 794 1847 sed
817 1791 895 1848 iaxta
918 1789 1025 1868 positis
1054 1788 1202 1866 ‘portam
1234 1806 1310 1866 quae

165 1936 222 1950 ...
247 1893 414 1961 commissa,
439 1892 616 1951 recludant’
640 1891 716 1949 cavit
738 1900 770 1948 ut
792 1890 927 1950 redirent
949 1889 1059 1966 legenti
1081 1891 1112 1949 in
1134 1891 1308 1949 memoriam

164 2009 241 2070 quae
263 2011 289 2050 v.
312 1987 356 2050 40
378 2008 442 2070 sqq.
467 1991 504 2050 de
528 1990 675 2050 conclusis
691 1991 807 2050 Aeneae
821 1992 946 2069 imperio
962 1992 1041 2051 intra
1056 1997 1158 2069 portas
1174 1990 1310 2050 Troianis

164 2099 282 2153 narrata
306 2099 385 2153 sunt.
431 2091 514 2162 Quod
537 2099 618 2151 recte
642 2091 712 2152 olim
741 2092 988 2152 animadverterat
1011 2073 1185 2160 Cornutus,
1205 2093 1251 2151 cui
1280 2100 1309 2150 et

162 2195 295 2256 Donatus
319 2202 348 2253 et
374 2195 559 2253 recentiores
588 2191 706 2270 quidam
737 2201 985 2252 commentatores
1016 2212 1122 2272 parere
1151 2193 1307 2254 debebant.

162 2297 225 2356 Nisi
247 2297 325 2355 torte
348 2293 444 2354 noluit
465 2293 515 2353 ille
538 2312 639 2353 verum
664 2293 773 2363 videre,
797 2301 829 2354 ut
851 2293 976 2354 baberet
997 2295 1182 2372 vituperandi
1205 2302 1308 2373 poetae

154 2391 334 2464 materiam,
364 2403 397 2456 ut
424 2381 476 2474 qul
503 2395 643 2455 custodes
670 2401 824 2472 portarum
848 2395 944 2455 Bitian
969 2403 998 2455 et
1019 2395 1187 2457 Pandarum
1216 2398 1308 2456 iactos

163 2517 253 2576 supra
277 2515 515 2557 commemorare
538 2486 725 2574 neglexisset.
749 2497 843 2556 Mam
867 2496 1096 2558 obtrectatorem
1114 2498 1159 2558 vel
1175 2500 1306 2576 iniquum

161 2598 208 2659 vel
232 2599 355 2659 stultum
380 2599 469 2658 etiam
492 2597 557 2658 aliis
580 2597 652 2658 locis
675 2600 877 2676 agnoscimus,
909 2598 960 2659 ubi
983 2618 1041 2658 non
1066 2601 1268 2660 minusrecte
1292 2620 1307 2660 a

70 2777 74 2782 Ι
162 2702 265 2762 Servio
288 2700 443 2759 refutatur.
490 2699 640 2761 Calumnia
664 2701 741 2760 enim
766 2699 911 2778 estquod
935 2701 970 2760 ad
997 2698 1096 2762 11331
1123 2701 1306 2762 ante'dicto-

161 2820 229 2862 rum
248 2799 371 2861 oblitum
390 2819 455 2860 esse
471 2801 633 2878 Vergilium
650 2801 813 2870 adnotavit,
838 2809 867 2861 et
883 2800 1012 2862 absurde
1027 2804 1202 2882 vituperavit
1217 2803 1253 2863 ad
1269 2803 1308 2862 lll

160 2899 240 2971 318,
271 2901 348 2978 quod
378 2909 535 2979 praesente
558 2903 660 2963 Turno
683 2901 858 2962 Rutulorum
883 2919 953 2980 ager
976 2921 997 2962 a·
1015 2903 1119 2964 Latino
1147 2905 1307 2964 donaretur

161 3011 288 3072 Aeneae,
320 3021 408 3080 quem
431 3011 530 3062 tamen
554 3022 591 3063 ne
613 3007 678 3081 ipse
701 3003 819 3078 quidem
843 3005 873 3062 in
897 3003 1075 3064 Rutulorum
1098 3004 1223 3071 finibus,
1254 2999 1317 3064 sed'

161 3105 301 3174 (barano,
331 3103 423 3163 nobili
446 3122 517 3164 sane
539 3103 679 3164 Martialis
702 3112 837 3181 tempore
865 3097 1109 3184 grammaticam,
1139 3125 1230 3184 pravo
1262 3107 1305 3165 iu-

160 3201 239 3265 dicio
262 3204 433 3266 adsentatus
463 3208 492 3265 in
517 3205 675 3284 Campania
705 3207 783 3264 iuxta
808 3205 945 3265 Ufentem
975 3205 1097 3266 fluvium
1126 3208 1218 3266 luisse
1247 3214 1304 3266 sta·

160 3313 258 3367 tuerat
280 3305 316 3382 ad
339 3325 364 3364 v.
389 3303 458 3366 616.

245 3408 318 3467 ltem
349 3406 598 3468 obtrectatorum
618 3407 782 3468 maledictis
811 3407 951 3481 (Macrob.
974 3405 1059 3476 124,
1085 3406 1113 3486 ll
1145 3409 1234 3469 stulte
1261 3411 1305 3469 in-

160 3511 349 3569 haerens-ne
370 3508 506 3568 adulteri
534 3509 649 3568 scilicet
676 3507 735 3568 lilio
759 3510 858 3570 Venus
891 3527 972 3568 arma
1000 3517 1117 3588 peteret
1144 3516 1216 3570 Aen.
1242 3511 1305 3571 Vlll

159 3607 223 3670 373
247 3626 324 3686 sqq„
348 3617 415 3668 ante
438 3611 658 3670 matrimonium
683 3629 750 3669 oum
768 3609 894 3670 Volcano
917 3611 1022 3671 initum
1037 3611 1181 3672 Anchisae
1204 3631 1306 3672 amore

158 3729 242 3772 usam
264 3712 384 3770 Aenean
407 3712 546 3787 genuisse
568 3711 692 3772 ridicula
716 3710 877 3772 subtilitate
905 3713 997 3772 11111111.
1050 3712 1133 3784 Quod
1162 3719 1306 3774 utcaret

227 4014 250 4079 a)
269 4014 365 4076 ‘Quod
392 4016 478 4063 ctiam
501 4015 634 4065 Clanarius
663 4017 717 4065 ait'
745 4014 856 4065 Servius
887 4015 1031 4065 Parisinus
1059 4018 1134 4066 7929.
1181 4019 1304 4069 Claranus

159 4100 231 4150 coni.
246 4099 375 4150 Osannus
392 4099 422 4148 in
440 4099 527 4164 symb.
544 4099 599 4148 litt.
611 4099 639 4150 II
651 4095 709 4164 329,
729 4102 759 4148 ut
776 4101 814 4150 sit
829 4097 901 4149 idem
915 4100 1002 4165 quiin
1014 4100 1177 4151 Horatianis
1190 4103 1303 4152 scholiis

159 4183 195 4234 ad
212 4198 293 4233 serm.
312 4184 339 4233 Π
356 4186 381 4244 3,
400 4183 433 4232 82
451 4183 484 4232 de
498 4183 630 4248 Anticyra
649 4184 749 4250 oppido
762 4189 881 4235 testatus
894 4200 954 4236 esse
968 4184 1065 4250 fertur,
1086 4200 1219 4250 quemque
1232 4187 1305 4236 iuter

158 4267 333 4317 doctissimos
356 4271 587 4319 commentatores
604 4267 743 4319 Martialis
761 4270 785 4318 X
804 4272 844 4329 nt,
864 4273 880 4319 2
904 4274 933 4322 et
949 4270 1086 4320 Ausonius
1110 4271 1189 4334 epist.
1209 4271 1303 4320 XVllI

157 4354 191 4402 26
209 4357 364 4418 numerant,
383 4352 432 4402 ille
447 4354 555 4418 quidem
569 4369 628 4403 eum
641 4353 765 4404 Modesto
780 4355 934 4417 conferens,
954 4355 998 4404 bic
1012 4355 1079 4406 adeo
1094 4358 1158 4406 aute
1171 4354 1302 4408 Scaurum

156 4437 273 4510 Asprum
292 4438 443 4492 Varronem
462 4437 603 4495 Cretatam
623 4453 846 4498 commemorans,
