3230 5046
788 365 1033 410 PROIAEGOMENA.

798 877 931 1012 aisti
958 931 1054 1012 xrs
1137 905 1139 914 ’

482 1115 776 1199 Describuntur
806 1146 907 1224 quos
938 1119 1105 1201 adhibui
1136 1119 1306 1214 codices

851 1333 976 1341 .—-—-

427 1465 489 1527 lam
511 1467 548 1528 de
570 1469 738 1542 3331131133,
769 1486 842 1546 quos
864 1468 901 1528 ad
923 1467 1105 1530 recensenda
1129 1467 1249 1546 Vergilii
1272 1471 1404 1530 carmina
1427 1489 1482 1530 nos

345 1568 543 1639 adhibuimus,
562 1567 797 1630 membranaceis
813 1570 957 1638 omnibus,
982 1569 1141 1630 dicendum
1157 1577 1210 1640 est,
1233 1572 1369 1650 inprimis
1385 1580 1482 1632 autom

343 1671 380 1730 de
403 1672 445 1731 eis
467 1672 518 1751 qui
539 1670 682 1754 quadrata
704 1671 849 1750 scriptura
865 1671 1063 1734 venerabilem
1079 1691 1151 1751 prae
1175 1690 1207 1732 sc
1229 1673 1330 1733 lerunt
1352 1679 1481 1734 vetusta·

343 1780 418 1836 tem.
457 1772 603 1850 Singulari
626 1773 705 1832 enim
732 1772 872 1834 felicitate
901 1783 1015 1854 septem
1043 1773 1130 1834 huius
1159 1775 1279 1852 generis
1302 1774 1497 1854 exemplaria,

343 1884 516 1953 supersunt,
545 1891 673 1952 quorum
697 1881 794 1935 tamen
816 1876 966 1954 integrum
994 1874 1124 1946 nullum,
1154 1883 1293 1954 quattuor
1315 1877 1481 1954 fragmenta

343 1983 455 2036 tantum
478 1975 621 2054 quaedam
645 1976 794 2037 exhibent.
826 1978 1051 2038 Enarratiouem
1074 1976 1109 2037 de
1125 1977 1208 2037 libris
1222 1979 1374 2039 FMPRV
1388 1979 1481 2038 redux

282 2141 283 2144 ,
342 2077 424 2140 113113
447 2097 523 2138 3333
548 2074 629 2140 1854
651 2078 816 2165 academiae
838 2078 1004 2140 litterarum
1033 2081 1133 2161 regiae
1155 2077 1341 2139 Β3331133331
1362 2080 1479 2147 tradidi,

343 2197 418 2256 3333
439 2183 600 2241 menstruis
629 2182 692 2240 eius
719 2179 914 2241 relationibus
942 2183 1010 2241 3331
1039 2179 1173 2240 eiusdem
1201 2181 1339 2252 Ianuario
1368 2183 1480 2242 inserta

343 2289 386 2341 est
409 2283 447 2361 (p.
471 2279 512 2344 36
535 2274 620 2362 eqd).
665 2282 803 2342 Ceterum
826 2281 862 2341 dc
884 2284 1003 2344 FMPR
1024 2282 1151 2343 adcundi
1173 2284 1223 2361 qui
1245 2282 1479 2360 Vergilianorum

343 2384 476 2444 codicum
499 2385 621 2463 pinaces
644 2385 903 2444 concinnaverunt.

426 2485 546 2546 Litteris
568 2493 666 2545 autem
689 2483 863 2564 capitalibus
886 2493 915 2546 et
938 2487 1085 2547 continuis
1100 2487 1210 2566 scripta
1225 2487 1366 2566 usurpavi
1381 2505 1479 2547 exem·

323 2587 435 2666 ,plana
457 2587 562 2646 133333-
1177 2569 1183 2579 ’
1285 2661 1288 2676 Ι

428 2685 455 2766 1)
485 2689 621 2749 Sotades
653 2691 819 2750 Vaticanus
847 2691 903 2765 (F)
935 2707 1060 2750 numero
1088 2685 1173 2751 3225
1207 2690 1352 2766 signatas,
1385 2690 1478 2749 forma

343 2791 501 2870 quadrata,
534 2797 694 2851 exornatas
726 2792 860 2869 picturis.
906 2791 1064 2852 Correctae
1092 2800 1161 2852 sunt
1188 2790 1324 2852 manibus
1347 2791 1478 2859 diversis,

342 2911 467 2972 quarum
495 2911 553 2952 una
582 2876 685 2952 rudior
715 2894 796 2968 (ten.
821 2890 981 2968 311267),
1010 2891 1064 2952 3113
1094 2891 1266 2953 minusculis
1294 2892 1400 2953 litteris
1427 2911 1479 2952 usa

344 2995 399 3072 (ge.
422 2991 546 3054 111291
586 2989 901 3056 ren.111115.325
939 2991 1085 3073 v1494),
1123 2994 1214 3054 semel
1244 2990 1478 3073 (laumello)

342 3097 443 3156 minio.
489 3094 639 3181 Incipiunt
660 3115 677 3156 a
699 3097 858 3173 georgicon
880 3094 956 3174 libro
978 3096 1028 3156 lll.
1060 3095 1198 3173 Singulae
1213 3097 1339 3176 paginae
1362 3103 1391 3156 et
1412 3095 1479 3156 lolia

344 3205 415 3277 quot
436 3215 538 3258 versus
559 3199 740 3266 contineant,
776 3199 805 3258 13
835 3199 1047 3258 commentario
1079 3199 1181 3258 critico
1215 3197 1392 3258 indicatum:
1426 3215 1479 3276 pro

342 3301 525 3379 picturarum
556 3301 635 3360 enim
663 3317 803 3360 mensura
831 3300 923 3359 variat
951 3318 1102 3362 numerus.
1154 3299 1230 3360 Folii
1257 3299 1349 3360 XXlll
1375 3301 1480 3378 pagiua

342 3403 454 3480 postica
477 3420 568 3462 vacua
591 3401 704 3471 relicta,
728 3403 824 3462 antica
846 3407 906 3461 tota
928 3403 1074 3480 picturam
1097 3404 1236 3472 continet,
1260 3409 1293 3462 ut
1314 3401 1480 3462 accuratius

342 3509 531 3564 numeratum
565 3503 644 3582 quod
672 3505 744 3562 Α33.
774 3498 940 3562 1111-12
974 3505 1106 3564 continet
1137 3504 1240 3564 lolium
1272 3503 1377 3563 XXllll
1412 3501 1479 3578 (nou

342 3605 444 3682 lllllll)
475 3605 634 3665 dicendum
663 3605 752 3664 luerit
782 3612 811 3664 et
833 3605 986 3681 sequentia
1010 3605 1158 3685 deinceps.
1208 3606 1241 3666 ln
1269 3604 1339 3664 lolio
1355 3592 1480 3665 Ι111111111

341 3714 411 3785 post
432 3725 533 3766 versus
556 3702 682 3767 62-82
705 3713 735 3765 et
757 3703 881 3770 83-92
915 3705 989 3768 duae
1023 3707 1177 3768 columnae
1207 3725 1308 3767 versus
1336 3703 1479 3767 93-121

342 3808 450 3868 litteris
466 3807 576 3869 saeculi
591 3808 617 3868 X
632 3809 799 3868 continent:
824 3807 876 3869 has
892 3815 960 3868 nota
979 3809 1003 3882 f
1020 3787 1140 3888 signari.
1170 3809 1270 3869 Primo
1285 3808 1339 3869 hae
1356 3807 1481 3868 schedae

341 3912 463 3970 luerunt
485 3909 524 3970 lo.
547 3910 657 3970 Ioviani
678 3912 812 3980 Pontem,
836 3919 937 3989 postea
960 3911 1040 3972 Petri
1062 3911 1166 3972 llembi
1180 3910 1350 3980 Cardinalis,
1374 3909 1479 3970 deinde

288 4063 290 4066 .
341 4011 436 4073 Fulvii
463 4011 571 4082 Ursini,
597 4014 648 4090 qui
670 4032 720 4074 eas
743 4012 939 4074 bibliothecae
960 4013 1125 4083 vaticanae,
1151 4015 1198 4073 cui
1219 4013 1386 4093 praelectus
1408 4017 1478 4080 erat,

342 4114 419 4174 dono
442 4112 531 4173 dedit.
857 4111 861 4120 '

426 4217 559 4276 Picturas
582 4217 701 4278 saeculo
724 4219 908 4279 Constantini
935 4219 1105 4296 superiores
1134 4218 1258 4278 tortasse
1287 4217 1322 4276 ad
1345 4223 1479 4295 tempora

342 4320 466 4397 Septimi
489 4318 590 4379 Severi
612 4320 778 4398 pertinere,
813 4321 905 4380 immo
933 4318 1006 4380 nihil
1034 4321 1064 4378 13
1094 4321 1136 4379 313
1165 4318 1331 4398 essequod
1354 4319 1479 4396 primam

341 4421 467 4482 Romani
488 4421 608 4500 imperii
629 4422 811 4482 maiestatem
839 4439 897 4481 nou
928 4420 1092 4490 redoleret,
1128 4423 1245 4481 censuit
1267 4418 1441 4480 Emmanuel
1464 4437 1479 4478 a
