3276 5050
641 425 885 469 rnouueounun.
1271 402 1332 466 169

190 595 302 654 tentiae
324 593 478 670 leguntur:
503 612 594 654 unum
617 600 699 655 recto
715 593 958 654 animadvertisse
974 591 1098 661 videtur,
1122 591 1201 671 quod
1217 594 1330 653 ‘sunto'

189 694 241 756 llll
262 692 327 756 624
348 703 524 776 usurpatum
545 697 620 757 iuris
643 715 812 758 sermonem
836 712 940 775 sapere
963 696 1078 755 monuit
1087 695 1125 772 *).

642 937 645 941 ·
711 931 808 1020 gro.

279 1107 394 1165 Veliam
409 1105 545 1178 Longum
561 1105 786 1182 grammaticum
803 1103 896 1166 Gellio
915 1103 1015 1186 (XVlll
1029 1101 1059 1173 9,
1075 1101 1104 1183 4)
1122 1104 1329 1181 antiquiorem,
1407 1175 1409 1194 Ι

187 1205 307 1267 Urbano
332 1212 364 1266 ut
385 1206 513 1267 vidimus
535 1207 742 1285 posteriorem,
766 1208 816 1286 qui
838 1208 956 1285 negavit
978 1213 1242 1268 commentatorem
1259 1206 1330 1266 Ver·

187 1307 249 1384 gilii
271 1309 363 1368 luisse
386 1308 531 1386 Berglxius
558 1310 599 1368 11
617 1308 733 1368 diurnis
761 1310 821 1369 suis
846 1305 928 1371 1845
955 1328 984 1388 p.
1011 1306 1071 1370 117
1101 1307 1216 1386 singula
1249 1309 1330 1368 testi·

90 1482 101 1492 ·
188 1411 286 1470 monia
309 1411 481 1488 gravissima
503 1412 550 1470 vix
572 1411 642 1471 satis
664 1411 829 1490 pensitavit.
860 1411 934 1472 Nam
958 1417 986 1470 et
1009 1409 1160 1471 Charisius
1182 1411 1332 1488 expressis

95 1515 97 1520 '
188 1510 287 1571 verbis
315 1530 343 1590 p.
376 1508 437 1573 154
458 1512 490 1574 P.
525 1515 572 1573 ‘in
601 1511 628 1572 ll
655 1513 832 1582 Aeneidos',
867 1512 895 1572 h.
921 1531 947 1573 e.
982 1514 1013 1572 in
1039 1513 1262 1572 vcommentario
1295 1510 1332 1570 ed

142 1629 147 1636 ·
187 1608 350 1674 secundun‘i
368 1613 530 1684 Aeneidos,
554 1621 679 1674 testatur
705 1612 789 1674 illum
813 1621 1043 1676 commentatum
1060 1595 1183 1692 esse**)
1208 1620 1237 1673 et
1253 1611 1332 1690 quod

187 1732 215 1792 p.
241 1710 281 1775 88
304 1715 335 1775 P.
361 1714 407 1774 ‘in
430 1717 471 1776 V'
506 1716 632 1778 eundem
663 1715 809 1796 quandam
844 1716 881 1777 de
914 1715 1062 1777 adverbiis
1094 1715 1225 1794 regulam
1261 1715 1332 1774 dicit

188 1817 369 1895 exposuisse,
394 1817 430 1877 ad
454 1819 549 1897 quinti
571 1818 716 1878 Aeneidos
738 1817 807 1878 libri
829 1837 947 1880 versum
970 1814 1042 1888 380,
1066 1837 1155 1898 quem
1177 1820 1241 1896 ipse
1257 1816 1330 1878 Cha,

186 1919 277 1979 risius
308 1918 453 1998 adposuit,
481 1919 550 1980 talia
577 1921 766 1999 praecepisse
789 1919 937 1998 putandus
965 1928 1010 1980 est
1037 1920 1084 1994 (cf.
1112 1919 1246 1981 Charisii
1268 1937 1330 1988 exc,

186 2016 307 2102 5161.
331 2021 423 2081 Prisc·
447 2017 508 2082 647
532 2021 564 2082 Ρ.
590 2021 710 2082 Servius
732 2023 803 2083 Aen.
829 2022 852 2082 V
874 2019 938 2083 380
959 2021 1167 2082 Lachmannus
1190 2022 1225 2081 ad
1242 2021 1331 2082 Lucr.

187 2141 216 2202 p.
243 2119 335 2198 146„
360 2130 487 2183 necant
510 2131 603 2184 artem
627 2130 732 2203 poetae
754 2122 902 2192 laudandi,
927 2126 978 2204 qui
1000 2125 1118 2185 Ascanii
1139 2125 1225 2203 pueri
1246 2123 1331 2183 indo·

186 2223 245 2284 lem
258 2233 339 2285 recte
355 2223 649 2305 descr·ipsisset***),
667 2234 717 2286 aut
730 2224 963 2286 obtrectatorum
976 2227 1098 2286 crimina
1115 2225 1151 2286 ad
1166 2225 1330 2294 historiam,

187 2343 248 2386 non
271 2325 306 2386 ad
330 2326 481 2386 scribendi
504 2344 601 2405 genus
625 2330 788 2406 spectantia
804 2327 954 2388 relutandi
976 2337 1026 2404 aut
1048 2328 1085 2388 de
1109 2345 1247 2387 versuum
1271 2327 1331 2386 sin·

187 2426 325 2504 gulorum
350 2429 429 2488 velut
450 2429 475 2488 X
500 2426 516 2488 1
541 2413 570 2488 et
592 2430 632 2490 111
655 2427 697 2491 84
725 2431 870 2491 sententia
899 2428 1069 2508 disputandi
1098 2429 1181 2490 locus
1210 2436 1275 2490 erat.
1301 2430 1331 2487 in

188 2529 487 2591 commentationibus
499 2549 581 2591 mere
593 2533 802 2609 grammaticis,
823 2531 926 2612 quales
939 2531 975 2592 de
987 2531 1112 2592 thermis
1124 2531 1258 2601 Titianis,
1271 2549 1332 2590 non

187 2631 303 2700 ticinis,
314 2631 350 2692 de
363 2651 419 2693 usu
431 2634 568 2710 antiquae
579 2633 723 2704 lectionis,
733 2634 769 2695 de
782 2634 991 2713 orthographia
1004 2631 1132 2711 denique
1143 2634 1329 2713 conscripsit.

187 2736 228 2794 Ac
250 2751 310 2794 non
332 2733 452 2794 doctum
475 2735 562 2794 modo
585 2734 637 2794 sed
661 2737 741 2796 omni
763 2737 826 2796 lere
850 2755 885 2796 ex
909 2743 992 2816 perte
1016 2738 1179 2814 egregium,
1210 2754 1331 2796 accura-

189 2842 251 2895 tum
275 2841 303 2894 et
324 2835 501 2913 prudentem
525 2844 553 2896 et
576 2837 740 2914 elegantem
763 2837 909 2899 Aeneidos
939 2837 1015 2911 (nam
1045 2837 1082 2897 de
1112 2840 1219 2898 ceteris
1247 2837 1332 2898 libris

188 2935 261 2996 nihil
285 2937 419 3016 traditur)
443 2940 638 3016 interpretem
662 2937 827 3008 habuerim,
852 2941 903 3018 qui
925 2937 1016 2999 Probi
1039 2939 1174 3018 exemplo
1198 2939 1233 2999 ad
1257 2938 1329 3000 ube-

187 3039 284 3098 riores
307 3041 343 3098 de
374 3039 465 3100 rebus
493 3042 621 3102 maxime
649 3042 849 3118 grammaticis
877 3042 1065 3117 quaestiones
1093 3039 1246 3118 digressus
1276 3049 1329 3101 est.

187 3139 288 3218 ltaque
310 3139 346 3200 ad
369 3141 395 3201 ll
420 3139 435 3201 1
458 3141 495 3202 de
518 3141 613 3202 dualis
636 3143 767 3212 numeri,
793 3160 879 3221 quam
903 3141 1023 3220 quidam
1045 3141 1204 3220 putabant,
1236 3143 1330 3203 lerina

188 3235 395 3302 ‘conticuere'
421 3251 450 3303 et
472 3242 618 3305 similibus
641 3243 809 3322 disputavit,
834 3243 869 3304 ad
892 3244 916 3303 V
937 3239 1014 3313 380,
1044 3242 1094 3303 ubi
1123 3243 1159 3303 de
1189 3232 1342 3304 ‘alacrus

187 3344 367 3404 nominativo
389 3347 512 3414 monuit,
537 3347 567 3406 in
590 3347 721 3406 rationes
744 3344 950 3406 adverbiorum
972 3347 1003 3405 in
1026 3352 1073 3406 ter
1091 3346 1263 3407 exeuntium
1286 3347 1331 3406 in·

188 3446 315 3524 quisivit,
339 3445 374 3505 ad
398 3447 425 3506 ll
449 3443 489 3507 19
512 3447 548 3507 de
571 3447 703 3508 adverbii
727 3449 891 3526 ‘primurn'
919 3465 976 3506 usu
995 3453 1029 3506 et
1051 3446 1088 3507 de
1112 3448 1331 3509 1111111111-

190 3616 494 3625 ——-—-—————-.-...-

256 3718 282 3782 *)
303 3718 415 3770 Servius
428 3718 495 3769 Aen.
515 3719 639 3768 1111614
658 3724 720 3768 ‘nec
740 3719 853 3770 foedera
871 3717 963 3786 sunto]
981 3724 1175 3792 contuentem,
1195 3722 1214 3771 i.
1236 3737 1259 3773 e.
1278 3722 1334 3772 sint

186 3830 220 3839 -
238 3803 368 3854 Urbanus
387 3803 464 3868 dicit,
483 3804 567 3854 verbo
588 3819 648 3854 eum
666 3805 734 3854 iuris
752 3819 830 3854 usum
848 3809 961 3870 propter
979 3805 1042 3854 odia
1060 3805 1248 3856 hereditaria’.

242 3884 284 3950 **)
303 3887 446 3940 Charisius
465 3891 514 3940 154
531 3889 562 3938 Ρ.
581 3893 721 3940 ‘amavere
739 3905 788 3954 pro
808 3894 977 3950 amaverunt,
1001 3890 1119 3940 docuere
1138 3918 1169 3926 —
1188 3891 1282 3941 dixere
1299 3918 1333 3928 —

187 3973 310 4023 muniere
330 3999 361 4009 -
381 3989 462 4039 quam
480 3973 596 4039 figuram
615 3972 665 4024 alii
683 3973 820 4040 duplicem
840 3975 1012 4037 existiment,
1032 3977 1225 4040 depraeliari
1246 3976 1334 4026 Velius

187 4058 292 4123 Longus
308 4061 335 4108 in
348 4059 384 4108 II
394 4059 525 4110 Aeneidos
542 4062 606 4109 sotis
624 4066 801 4110 ceramentotus
818 4067 872 4111 est:
890 4061 1048 4110 conticuere
1067 4075 1160 4110 omnes
1178 4061 1333 4126 intentique

187 4158 235 4192 ο11
253 4145 412 4194 tenebunt’.
447 4145 521 4194 Huic
540 4161 605 4211 ergo
624 4160 673 4195 sua
691 4145 773 4195 dehet
792 4146 826 4195 ad
845 4145 912 4214 Aen.
930 4146 958 4195 11
977 4147 990 4194 1
1010 4144 1129 4198 Servius.

227 4224 282 4294 ***)
303 4228 506 4282 ScholVeron.
521 4230 587 4280 Aen.
602 4231 721 4280 1111le
738 4246 765 4295 p.
784 4233 825 4291 93,
845 4233 877 4280 22
891 4230 924 4281 K.
943 4233 1018 4281 ‘uotis
1036 4239 1110 4296 optat
1121 4247 1219 4296 aprum.
1244 4231 1333 4297 Long.

187 4313 307 4365 indolem
332 4315 411 4380 pueri
439 4314 499 4365 vult
528 4314 690 4378 ostendere,
718 4319 749 4364 ut
775 4315 873 4366 merito
902 4316 931 4364 in
953 4317 992 4366 IX
1014 4319 1064 4366 590
1082 4330 1141 4380 sqq.
1179 4316 1332 4366 Numanum

188 4399 324 4448 occidisse
343 4398 495 4449 videatur'.
533 4397 575 4449 cf.
596 4398 720 4449 Servius:
750 4403 797 4451 ‘et
818 4401 888 4450 bene
911 4399 1044 4465 puerilem
1063 4400 1184 4450 ostendit
1202 4402 1332 4466 animum,

191 4483 237 4548 qui
255 4498 304 4548 per
322 4483 504 4533 mobilitatem
523 4484 681 4549 frequenter
699 4489 778 4550 optat
795 4485 939 4537 timenda’.
