3276 5050
634 415 882 461 Pnonneonssnns.

720 625 816 764 se

273 859 390 918 Urbani
410 863 491 916 aetas
513 855 601 934 paulo
625 857 736 916 certius
760 855 879 914 deliniri
907 860 1005 933 potest
1033 851 1147 913 collatis
1171 852 1267 913 Servii
1295 851 1332 912 ud

186 962 258 1019 Aen.
288 954 395 1019 vult
427 966 456 1018 et
485 957 661 1019 scholiastae
685 956 865 1018 Veronensis
894 956 928 1017 ad
962 954 1093 1016 eiusdem
1123 952 1192 1014 libri
1220 972 1245 1012 v.
1268 950 1332 1014 488

186 1059 436 1120 adnotationibus.
469 1058 551 1120 Unde
574 1066 689 1119 certum
712 1060 743 1119 tit
767 1059 889 1119 Cornuti
911 1057 1141 1118 commentarios
1164 1057 1332 1135 respexisse

188 1159 348 1223 Urbanum.
381 1160 520 1220 Defendit
536 1162 614 1221 enim
631 1162 829 1237 vituperatum
846 1158 948 1220 abillo
964 1165 1082 1238 poetam
1098 1157 1177 1236 quod
1200 1160 1332 1218 ‘sacram

187 1264 276 1323 matri
292 1280 363 1323 suae
379 1281 460 1322 avem
477 1264 590 1340 sagittis
605 1261 752 1340 figendam
769 1262 970 1322 constituerit'
989 1262 1113 1328 Aeneas,
1136 1278 1204 1320 cum
1220 1258 1334 1320 diceret

186 1365 331 1424 ‘matrem
356 1364 443 1424 citius
465 1365 598 1442 potuisse
623 1363 760 1443 placari'.
811 1363 847 1423 Et
874 1363 950 1423 hanc
977 1381 1082 1424 rursus
1112 1362 1333 1422 excusationem

189 1465 316 1544 Longus,
341 1467 371 1525 ni
393 1464 488 1536 lallor,
513 1469 576 1527 suls
592 1467 776 1544 argumentis
791 1464 951 1544 supplevit:
977 1471 1006 1524 et
1020 1464 1142 1526 Homeri
1164 1462 1333 1542 exemplum
1366 1519 1375 1532 ,

187 1573 321 1626 secutum
339 1584 405 1642 esse
422 1545 582 1645 Vergilium
600 1575 629 1627 et
643 1584 863 1646 quamcumque
878 1565 1083 1645 suspendisset
1102 1583 1185 1627 avem
1201 1567 1333 1626 luturnm

187 1669 279 1727 luisse
302 1674 334 1728 ut
361 1669 392 1726 in
422 1670 535 1729 crimen
562 1669 722 1738 incideret,
757 1687 824 1728 cum
859 1667 992 1747 ‘singula
1020 1685 1132 1747 genere
1160 1665 1260 1726 alitum
1289 1664 1335 1726 dis

187 1768 356 1848 quibusque
379 1773 571 1831 consecrata'
595 1772 660 1830 sint.

189 1907 194 1916 ·
271 1875 350 1952 Ergo
380 1873 511 1954 Cornuto
540 1873 639 1932 iunior
668 1871 801 1949 Longum
831 1878 927 1932 aetate
961 1873 1157 1933 antecessisse
1185 1869 1335 1949 putandus

189 1977 245 2035 erit
261 1974 407 2037 Urbanus.
452 1975 488 2035 Et
510 1975 650 2053 quoniam
672 1974 702 2032 in
726 1972 919 2034 obtrectando
941 1981 1030 2052 poeta
1052 1971 1334 2052 quaestionibusque

188 2077 343 2138 nectendis
365 2084 513 2142 versatum
537 2074 861 2144 novimus'Cornutum,
886 2075 1011 2136 sortasse
1033 2073 1099 2135 aliis
1121 2091 1240 2154 quoque
1260 2072 1334 2134 locis

189 2173 335 2248 Urbanus,
359 2178 411 2240 ubi
434 2197 552 2239 causam
574 2175 653 2237 illius
669 2183 771 2237 contra
794 2177 997 2238 adversarium
1012 2193 1101 2254 agere
1116 2175 1240 2246 videtur,
1264 2174 1335 2237 Cor·

188 2281 252 2340 nuti
285 2282 474 2360 potissimum
507 2279 738 2338 commentarios
770 2279 909 2356 respexit.
965 2277 1052 2338 Velut
1083 2275 1170 2356 paulo
1203 2285 1272 2356 post
1304 2279 1335 2338 in

190 2380 295 2442 eodem
325 2382 488 2442 certamine
518 2380 555 2440 ad
583 2382 655 2440 ben.
681 2377 788 2441 v493
815 2381 846 2442 in
869 2377 1100 2456 Guelferbytano
1129 2377 1232 2439 codice
1260 2378 1335 2439 haec

188 2482 342 2560 leguntur:
367 2481 533 2562 ‘quomodo
556 2480 728 2542 Mnestheus
752 2481 803 2562 (sc.
829 2479 941 2560 victor),
967 2499 1034 2541 curn
1057 2479 1219 2542 Cloanthus
1243 2482 1335 2542 victor

190 2586 340 2645 extiterit?
364 2584 503 2645 solvitur:
527 2583 579 2643 sed
603 2584 695 2660 victor
717 2582 868 2644 Mnesteus
891 2584 1007 2652 virtute,
1038 2584 1088 2662 qui
1112 2583 1149 2644 de
1173 2583 1276 2644 ultimo
1298 2584 1335 2645 ad

190 2688 310 2746 tertium
332 2685 431 2746 locum
454 2686 550 2746 venit'
574 2703 599 2744 e.
618 2701 645 2761 q.
664 2704 687 2745 s.
732 2683 822 2746 Paulo
838 2685 995 2759 diversam,
1019 2702 1197 2764 quamquam
1214 2687 1335 2746 minime

190 2787 270 2848 illam
293 2785 487 2866 probabilem,
512 2785 564 2846 sed
588 2803 663 2863 quae
685 2794 784 2847 tamen
807 2785 843 2847 ad
867 2784 991 2847 eandem
1007 2785 1209 2858 diiticultatem
1224 2796 1336 2848 motam

190 2889 316 2949 sortasse
339 2881 355 2948 a
379 2888 510 2948 Cornuto
533 2894 656 2965 spectet,
681 2889 858 2948 sententiam
881 2887 1019 2948 Urbanus
1041 2887 1202 2966 protulisse
1225 2890 1334 2950 fertur:

190 2989 341 3052 ‘Urbanus
353 3009 423 3049 vero
436 2989 508 3049 dicit
519 2991 607 3049 modo
619 2989 852 3068 propemodum,
869 3007 972 3068 paene.
998 3007 1067 3049 nam
1083 2990 1232 3050 secundus
1248 2993 1303 3051 luit
1314 2996 1333 3051 '.

191 3093 349 3153 tenesmo
372 3093 457 3151 cuius
480 3091 555 3151 ratio
577 3091 732 3150 sanissima
756 3092 783 3150 ei
806 3089 989 3167 displicuerit
1010 3092 1041 3150 in
1064 3089 1247 3168 explicandis
1262 3098 1334 3154 Aen.

191 3194 227 3254 vl
249 3189 312 3253 609
336 3191 434 3252 verbis
458 3192 558 3252 ‘fraus
580 3192 688 3251 innexa
712 3191 886 3270 clienti'*):
911 3193 1058 3270 ignoravit
1073 3199 1172 3253 autem
1188 3211 1262 3272 quae
1284 3214 1336 3254 an·

191 3296 272 3373 tiquo
295 3301 428 3370 tempore
443 3301 601 3373 patronum
617 3295 695 3353 inter
711 3301 741 3353 et
755 3293 893 3354 clientem
910 3293 1096 3354 necessitudo
1111 3294 1335 3365 intercessisset,

191 3415 247 3456 nec
269 3395 344 3456 ultra
368 3414 438 3455 suae
461 3396 564 3456 aetatis
585 3414 705 3474 pravam
730 3394 975 3456 consuetudinem
1003 3397 1181 3456 sanctissimi
1208 3398 1337 3458 instituti

190 3499 335 3560 rationem
359 3505 507 3557 scrutatus
530 3503 603 3557 erat.
648 3498 791 3558 Perverse
813 3497 893 3563 idem
915 3515 962 3576 ge.
978 3497 1004 3557 ll
1018 3493 1082 3558 424
1102 3497 1255 3576 ‘gravidas
1269 3519 1337 3560 cum

191 3618 312 3660 vomere
338 3600 454 3676 lruges’
488 3597 578 3658 verba
610 3601 824 3677 interpretatus
857 3607 902 3660 est
933 3599 1050 3660 ‘statim
1079 3607 1148 3679 post
1174 3602 1337 3662 arationem

260 3867 289 3936 ³¹³)
309 3870 420 3922 Servius
437 3871 506 3924 Aen.
525 3869 564 3920 VI
581 3870 631 3920 609
649 3873 690 3920 ‘et
708 3869 785 3920 fraus
809 3871 910 3920 innexu
933 3867 1040 3935 clienti]
1060 3886 1094 3921 ax
1112 3870 1337 3936 lege'duodeeim

193 3955 349 4006 tabularum
371 3955 462 4019 venit,
489 3955 519 4004 in
546 3954 644 4018 quibus
668 3954 799 4020 seriptum
823 3959 878 4005 est:
906 3959 1039 4020 petronus
1057 3956 1082 4007 si
1099 3955 1196 4008 clienti
1213 3958 1338 4010 fraudem

192 4040 302 4104 lecerit,
321 4055 402 4090 sacer
421 4043 489 4092 esto.
526 4040 551 4090 si
570 4040 644 4090 enim
662 4039 780 4090 clientes
798 4043 878 4103 qussi
897 4040 1020 4091 colentes
1040 4044 1111 4104 sunt,
1129 4045 1241 4107 petroni
1259 4045 1337 4108 quasi

192 4130 297 4190 patres,
317 4123 479 4178 tantundem
498 4127 541 4175 est
560 4124 689 4174 clientem
702 4128 833 4190 quantum
846 4123 931 4175 filium
944 4124 1043 4176 fallere
1056 4167 1062 4179 .
1077 4168 1083 4180 ,
1099 4168 1105 4180 .
1119 4126 1232 4178 Urbano
1244 4132 1338 4178 tomen

192 4209 244 4260 lvoo
263 4208 402 4274 displicet,
423 4213 452 4259 et
470 4208 538 4259 dicit
555 4224 646 4258 rernm
665 4225 726 4261 esse
744 4210 797 4260 hoe
815 4209 958 4276 magisque
977 4211 1150 4274 contrarium,
1170 4227 1230 4262 eum
1249 4214 1338 4277 magis

194 4299 327 4359 patronos
354 4294 499 4360 decipient
526 4294 686 4358 frequenter
713 4295 829 4346 clientes
856 4293 903 4358 (el.
931 4295 1124 4354 instituendo,
1152 4295 1336 4361 Sittengescb.

192 4380 275 4430 Rome
293 4380 307 4431 1
325 4381 374 4430 207
392 4378 475 4444 sqq).
515 4379 580 4430 Vult
603 4383 696 4430 eutem
722 4379 848 4446 intellegi
874 4380 1127 4444 praevaricatores,
1156 4381 1201 4446 qui
1228 4381 1337 4446 petroni

192 4469 257 4514 sunt
274 4463 425 4527 clientium,
445 4479 513 4529 quos
531 4479 604 4514 nnnc
620 4471 752 4529 surreptor
769 4467 921 4516 vocemus)
