3212 5042
599 445 841 488 erronaoonnrm.
962 455 965 462 ⁴
1249 426 1291 490 23

141 618 255 678 cladem
280 616 382 677 delere
405 617 518 676 iussum
534 614 659 674 Aristaei
674 612 802 674 tabulam
826 615 947 676 insertis
970 617 1097 677 maxime
1119 617 1156 677 de
1172 615 1292 696 Orpheo
1391 659 1394 668 .

141 721 277 780 versibus
300 713 470 780 aot-527
493 717 720 787 amoenissimis,
750 716 802 776 sed
827 717 864 777 ad
887 719 985 797 ipsum
1009 719 1111 798 operis
1134 717 1291 780 consilium

139 825 237 886 minus
260 821 440 882 necessariis
457 820 646 880 exornavisse
663 819 785 888 conieci,
810 837 867 880 nec
882 822 964 899 piget
981 823 1172 882 coniecturae
1188 841 1290 902 quarn·

138 929 181 987 vis
203 924 378 1006 repudiatae
400 942 417 984 a
439 921 584 982 Laderico
608 920 704 981 annal.
729 919 832 1000 philol.
858 919 1061 992 LXX111464,
1087 923 1135 983 eui
1150 923 1292 1004 respondi

140 1035 282 1108 quantum
304 1025 489 1104 intellegenti
511 1021 583 1086 satis
606 1022 718 1084 ibidem
733 1021 834 1084 LXXV
858 1020 907 1085 75.
953 1025 1050 1103 Atque
1073 1026 1221 1088 concessit
1236 1025 1290 1086 La·

142 1131 260 1192 devieus
284 1130 348 1208 ipse
371 1129 546 1208 nuperrime
567 1127 599 1186 in
622 1143 748 1186 censura
773 1125 1013 1188 emendationum
1030 1126 1290 1208 l‘eerllrampiana·

141 1253 215 1303 rum,
241 1249 330 1310 quam
352 1232 496 1311 gymnasii
511 1227 770 1292 Neestreliciensis
785 1231 999 1308 programmati
1015 1247 1039 1289 a.
1059 1227 1142 1292 1864
1156 1233 1290 1302 inseruit,

141 1356 170 1416 p.
194 1335 231 1406 3;
256 1335 448 1412 idemquep.
473 1329 514 1392 26
537 1329 759 1400 animadvertit,
788 1329 956 1392 breviorem
986 1339 1015 1392 et
1037 1332 1291 1412 neglegentiorem

142 1438 187 1499 lric
214 1436 278 1498 illic
308 1433 388 1514 (471.
417 1431 489 1496 454.
518 1430 591 1514 dee)
619 1434 822 1494 narrationem
857 1452 932 1494 esse.
989 1433 1051 1496 Nec
1078 1434 1292 1517 Peerlkampus

141 1541 284 1602 Mnemes.
309 1538 335 1598 X
357 1533 420 1598 305
443 1556 486 1616 sq.
510 1537 632 1606 invenit,
657 1552 715 1612 (pue
739 1535 837 1621 refelli
859 1545 959 1616 posset
981 1537 1124 1598 memoria
1146 1536 1204 1598 illa.

225 1643 309 1714 Quae
332 1647 430 1701 autem
453 1645 610 1719 praeterea
634 1638 835 1700 secundarum
858 1657 1008 1710 curarum,
1039 1657 1113 1716 quas
1136 1638 1291 1702 absolvere

140 1752 237 1806 morte
266 1741 434 1822 prohibitus
463 1750 515 1802 est·
535 1748 637 1820 poeta,
668 1741 699 1801 in
727 1742 876 1820 georgicis
905 1733 1027 1820 vestigia
1056 1740 1290 1822 deprehendisse

140 1847 212 1908 milri
234 1847 315 1906 visus
338 1863 412 1914 som,
436 1844 485 1905 bic
507 1853 539 1904 ut
562 1851 591 1903 et
614 1845 796 1921 corrigerem
819 1843 964 1922 quaedam
987 1852 1016 1904 et
1039 1843 1196 1916 adderem,
1219 1845 1287 1925 ipse

140 1947 281 2011 secundis
304 1949 384 2010 coris
407 1946 569 2027 repetenda
592 1963 658 2006 esse
680 1945 759 2006 duxi.

222 2052 260 2112 Et
281 2027 413 2130 primum
436 2049 599 2129 ‘scriptum
614 2049 646 2108 in
662 2048 790 2126 quedam
806 2051 1038 2111 commentarie’
1063 2068 1095 2110 se
1119 2051 1291 2129 repperisse

141 2152 254 2214 Gellius
277 2151 314 2212 Vl
338 2151 406 2232 (Vll)
434 2147 477 2211 20
506 2157 607 2211 narrat
634 2168 735 2229 georg.
761 2151 786 2212 ll
808 2147 872 2212 225
900 2169 1003 2212 versus
1032 2150 1068 2211 ‘a
1092 2151 1222 2229 Vergilio
1250 2153 1289 2212 ita

139 2257 268 2336 primum
292 2267 359 2314 esse
381 2254 520 2314 recitatos
543 2260 631 2330 atque
655 2253 764 2313 editos:
802 2257 891 2314 telem
919 2256 1003 2324 dives
1030 2261 1102 2314 eret
1126 2256 1232 2335 Uapea
1261 2261 1291 2314 et

140 2362 239 2420 uicina
268 2360 381 2418 Vesevo
403 2356 500 2416 Nola
528 2357 612 2432 iuge,
647 2361 752 2433 postea
783 2354 943 2434 Vergilium
971 2357 1083 2436 petisse
1112 2375 1128 2415 a
1157 2353 1287 2423 Nolanis,

140 2477 245 2538 aquam
270 2461 314 2519 uti
337 2457 460 2518 duceret
481 2459 512 2518 in
534 2458 736 2536 propinquum
758 2476 826 2528 rus
855 2457 985 2519 Nolanos
1007 2457 1186 2518 beneficium
1208 2457 1286 2537 peti·

140 2571 202 2623 tum
225 2579 286 2621 non
309 2562 431 2630 iecisse,
464 2561 750 2640 poetamellcnsum
774 2579 882 2620 nemen
910 2559 995 2622 urbis
1019 2577 1122 2621 eoram
1145 2561 1229 2640 quasi
1253 2579 1288 2620 ex

140 2665 294 2724 bominum
317 2664 475 2732 memoria,
506 2664 548 2723 sic
572 2681 607 2722 ex
630 2663 762 2722 carmine
791 2681 843 2723 sne
873 2661 1035 2731 derasisse,
1065 2680 1211 2743 eramque
1233 2683 1289 2744 pro

142 2767 221 2827 Nola
244 2773 377 2826 mutasse
400 2772 489 2842 atque
510 2766 552 2824 ita
574 2763 745 2842 reliquisse:
776 2773 804 2826 et
826 2768 926 2826 etciee
954 2767 1066 2826 Vesevo
1095 2779 1163 2826 ora
1186 2769 1287 2842 teeo'.

142 2867 224 2928 ldem
241 2887 278 2928 ex
295 2866 400 2928 eodem
416 2867 543 2927 fonteio
559 2864 677 2927 brevius
694 2868 840 2927 contraxit
855 2865 1058 2946 l’lrilargprius
1077 2865 1221 2928 adnotans
1243 2867 1290 2927 ‘et

142 2969 308 3032 emendavit
329 2971 402 3049 ipse,
427 2969 495 3048 quia
517 2969 628 3028 Nolam
651 2977 801 3047 posuerat.
826 2988 893 3030 rram
917 2976 1020 3048 postea
1044 2969 1174 3030 elienses
1198 2969 1289 3030 aNe·

140 3071 223 3142 lanis,
249 3073 300 3150 qui
322 3071 419 3132 eidem
443 3088 550 3149 aquarn
572 3078 761 3148 negaverant,
786 3089 841 3133 ere
863 3089 919 3151 pro
943 3072 1024 3132 Nola
1047 3071 1173 3149 posuit’
1222 3071 1287 3132 Non
1335 3121 1339 3130 ,

142 3174 319 3238 ‘laborare'
349 3193 381 3235 se
409 3176 450 3236 ait
472 3173 586 3234 Gellius
615 3175 666 3233 ‘ea
689 3193 739 3234 res
761 3193 870 3235 verane
893 3192 930 3234 an
953 3171 1025 3234 lalsa
1048 3173 1118 3242 sit',
1149 3179 1178 3232 et
1199 3171 1287 3233 fidem

140 3263 267 3344 fabellae
296 3277 364 3354 quis
392 3277 480 3337 hodie
509 3275 674 3356 spondeat?
702 3258 817 3338 ’Catius
844 3285 945 3336 tamen
981 3276 1006 3335 si
1033 3273 1230 3353 probabiliter
1260 3284 1288 3334 ct

139 3379 230 3442 lulius
253 3378 499 3442 llretzscbmerus
528 3381 558 3438 in
582 3377 653 3438 diss.
686 3379 722 3438 de
744 3381 776 3439 A.
802 3377 888 3438 Gellii
910 3375 1041 3438 lontibus
1062 3395 1092 3456 p.
1116 3374 1155 3437 77
1180 3383 1209 3436 et
1232 3375 1285 3436 Lu·

141 3482 264 3544 doricus
287 3479 469 3541 Mercklinus
498 3479 593 3541 annal.
620 3479 724 3560 philol.
751 3477 832 3541 1861
855 3499 884 3559 p.
909 3475 971 3541 722
1016 3479 1046 3540 C.
1070 3477 1177 3539 lulium
1192 3477 1287 3558 vHygi·

139 3603 222 3654 num,
247 3585 373 3662 Augusti
394 3582 532 3644 libertum
556 3582 647 3652 illum,
674 3581 767 3644 Ovidii
789 3582 1061 3650 familiarissimum,
1087 3577 1287 3642 bibliothecae

139 3695 238 3747 autem
262 3685 412 3747 Palatinae
434 3687 620 3765 praelectum
646 3685 777 3764 (Sueten.
802 3685 839 3745 de
861 3683 902 3744 ill.
926 3703 970 3763 gr.
993 3681 1059 3763 20),
1093 3684 1143 3764 qui
1166 3690 1287 3764 praeter

139 3789 370 3850 commentarios
393 3787 575 3868 Vergilianos
598 3787 653 3848 ‘de
675 3786 800 3848 urbibus
822 3785 940 3846 ltaliae’
964 3788 1100 3866 scripsit,
1132 3792 1283 3847 auctorem

139 3893 230 3952 luisse
254 3899 423 3952 statuerunt
446 3891 485 3971 (et
507 3890 645 3970 ridentur
667 3888 852 3969 probabilius
875 3891 1013 3950 statuisse
1028 3887 1284 3956 Reifferscheidio,

140 3996 190 4071 qni
213 3995 359 4056 Suetonio
382 4013 435 4054 sue
458 3993 531 4054 lraec
555 4009 672 4070 quoque
695 3991 851 4054 vindicavit
872 4011 902 4072 p.
918 3989 980 4072 57),
1005 3990 1096 4051 nolim
1114 3998 1192 4051 tanta
1216 4010 1286 4052 cene

141 4097 271 4166 lideutia,
298 4103 407 4172 quanta
429 4103 499 4174 post
521 4094 593 4176 alios
608 4094 645 4154 M.
663 4095 809 4174 Hauptius
831 4094 892 4154 ind.
917 4093 997 4154 lectt.
1015 4102 1087 4155 aest.
1110 4091 1240 4154 llerolin.
1259 4113 1283 4154 a.

143 4195 221 4262 1857
238 4217 268 4278 p.
285 4196 342 4277 4³¹⁶)
362 4199 438 4258 'orsus
462 4203 515 4265 est,
539 4206 572 4257 ut
587 4196 744 4304 absurdam
761 4198 915 4276 aspernari
931 4195 1181 4256 narratiunculam
1198 4202 1287 4275 atque

139 4311 205 4318 -a-
331 4311 444 4320 ..-NJ

206 4351 233 4416 ³²)
254 4351 308 4413 Qui
328 4365 377 4400 cur
395 4351 528 4416 Wagner-i
549 4366 627 4414 quam
646 4367 705 4402 meo
725 4351 757 4400 de
777 4351 902 4401 Palatini
922 4350 1024 4402 codicis
1050 4351 1188 4414 scriptura
1206 4351 1284 4398 testi·

141 4439 232 4487 monio
253 4435 366 4486 eredere
385 4435 518 4486 rnaluerit
536 4436 644 4486 neseio:
671 4435 699 4484 id
717 4436 782 4498 seio,
803 4435 905 4486 vidisse
929 4452 972 4489 me
990 4435 1058 4486 Aen.
1078 4435 1131 4487 Vll
1151 4435 1199 4486 tte
1218 4435 1285 4485 seri·

140 4527 215 4591 ptum
234 4522 264 4571 in
285 4539 316 4572 ee
335 4519 492 4586 Baetes,
511 4519 757 4572 nauseantem
