3276 5050
305 376 366 442 136
747 397 992 441 raocnoounnn.

304 567 477 628 tenuissima
500 585 536 626 ex
559 567 858 645 grammatici-copiis
890 572 1034 644 excerpta
1058 573 1141 635 sunt,
1171 572 1253 626 recte
1281 573 1381 628 minen
1409 567 1445 646 ad

304 676 438 730 nostrum
461 669 571 729 referri
593 670 732 729 evincunt
758 667 846 728 haec:
877 686 905 746 p.
931 664 1001 736 113,
1025 663 1044 728 8
1068 666 1202 746 ‘plurale
1231 676 1334 729 contra
1362 671 1447 748 ponit

305 790 360 851 pro
383 771 525 849 singulari
549 817 555 829 .
581 815 588 830 .
612 816 619 830 .
643 769 786 860 Euryqlus
809 768 916 830 lalcras
938 766 1111 829 Rhamnetis
1144 788 1168 830 e.
1193 789 1221 849 q.
1245 789 1268 830 s.
1303 769 1382 846 (Aen.
1407 770 1444 832 lX

305 869 369 934 359
391 871 468 953 sqq.)
492 871 618 934 Rutulos
640 873 740 952 posuit
766 891 821 950 pro
844 870 1021 932 Rutulorum
1047 874 1147 948 rege',
1177 889 1252 948 quae
1275 873 1447 951 conspirant
1547 953 1549 962 Ι

306 993 373 1035 curn
396 974 490 1036 schol.
514 977 621 1036 Veron.
646 974 681 1035 ad
704 976 775 1036 Aen.
797 972 836 1032 lX
858 969 921 1034 363
944 974 1031 1051 ‘asp
1057 981 1086 1032 et
1107 972 1164 1033 hoc
1187 972 1362 1042 obscurum,
1394 973 1446 1034 sed

305 1076 362 1137 hoc
384 1075 472 1136 modo
494 1076 546 1136 liet
566 1075 714 1136 lucidum:
744 1076 875 1154 primum
897 1072 1022 1135 Rutulos
1045 1075 1181 1153 accipere
1203 1073 1347 1136 debemus
1368 1074 1446 1136 Rha·

305 1186 434 1238 mnetem
458 1175 572 1238 solum’
596 1196 621 1236 e.
646 1196 673 1256 q.
699 1195 721 1236 s.
775 1176 848 1236 Nam
878 1177 986 1236 ceteris
1014 1195 1090 1256 quos
1118 1175 1214 1237 attulit
1235 1175 1347 1238 Keilius
1373 1176 1447 1238 locis

307 1279 379 1340 nihil
403 1280 538 1340 efficitur.
583 1279 660 1356 Ergo
684 1279 861 1358 comparatis
884 1276 1041 1355 diligenter
1056 1277 1179 1356 singulis
1194 1280 1286 1341 totius
1308 1286 1447 1341 tractatos

307 1381 506 1442 notationibus
529 1399 597 1442 cum
620 1379 739 1464 scholiis
754 1387 983 1456 ceterorumque
998 1381 1260 1457 grammaticorum
1278 1383 1444 1461 praeceptis
1471 1437 1472 1440 ,

309 1485 395 1543 etiarn
424 1482 579 1544 uberiores
608 1483 668 1542 sive
697 1483 938 1559 ‘quaestionum'
968 1482 1028 1542 sive
1058 1484 1339 1544 commentariorum
1362 1485 1449 1562 Aspri

309 1583 451 1660 reliquias
473 1584 573 1644 licebit
596 1585 751 1663 expiscari.

301 1735 306 1742 .
393 1686 474 1758 Quae
496 1687 528 1746 in
550 1684 670 1746 scholiis
693 1684 896 1746 Bernensihus
924 1685 960 1746 ad
983 1703 1028 1764 ge.
1051 1685 1104 1748 llll
1127 1681 1190 1747 238
1212 1686 1299 1764 Aspri
1321 1687 1447 1747 auctori·

309 1793 368 1848 tate
392 1789 629 1866 praecipiuntur,
655 1805 691 1846 ex
707 1793 770 1847 arte
786 1787 876 1847 multo
893 1789 1070 1858 recentiore,
1095 1805 1170 1866 quae
1185 1787 1262 1867 apud
1277 1787 1449 1849 Putschium

216 1897 219 1903 '
309 1909 338 1968 p.
358 1884 439 1950 1725
455 1907 519 1969 sqq.
544 1895 632 1958 extat,
655 1907 716 1949 non
740 1907 775 1949 ex
799 1891 1011 1951 commentario
1026 1891 1210 1968 grammatici
1231 1891 1326 1950 nostri
1348 1889 1448 1968 negle-

313 1992 485 2068 gentissime
513 1997 654 2070 excerpta
688 2007 753 2050 esse
776 1989 990 2052 demonstrabit
1013 1991 1241 2069 emendabitque
1263 1992 1450 2053 Hermannus

310 2093 412 2170 Hagen
427 2092 596 2162 Bernensis‚
622 2093 692 2152 olim
710 2091 847 2154 alumnus
869 2111 964 2163 meus,
990 2112 1078 2171 quem
1101 2113 1170 2173 spes
1192 2101 1238 2154 est
1259 2095 1368 2154 iterum
1384 2102 1451 2173 post

307 2192 489 2256 ‘Muellerum
516 2195 665 2256 editurum
687 2212 751 2255 esse
773 2201 938 2256 commenta
959 2193 1018 2256 illa.

842 2429 917 2510 §a

336 2636 338 2639 ·
395 2601 601 2663 Nobilissimus
630 2601 762 2661 omnium
790 2607 934 2680 quotquot
960 2601 1083 2680 Vergilii
1116 2599 1295 2662 carminibus
1330 2621 1449 2682 operam

311 2704 460 2764 dederuut
487 2703 747 2781 grammaticorum
775 2702 830 2762 luit
858 2704 903 2762 M.
934 2707 1073 2765 Valerius
1095 2705 1211 2764 Probus
1233 2705 1385 2784 Berytius,
1415 2704 1452 2765 de

311 2807 396 2866 euius
418 2806 475 2865 vita
499 2812 528 2864 ct
550 2803 656 2864 studiis
679 2803 838 2864 Suetonius
861 2804 898 2864 de
926 2804 976 2864 ill:
998 2823 1042 2884 gr.
1068 2825 1092 2865 c.
1116 2801 1160 2866 24
1187 2808 1360 2866 memoriam
1388 2825 1450 2866 scr·

310 2908 396 2967 ravit.
448 2905 562 2967 Vixisse
591 2906 758 2966 domitiano
785 2907 978 2986 imperatore,
1008 2927 1075 2969 curn
1105 2907 1244 2970 Martialis
1272 2910 1451 2986 epigramma

313 3005 396 3069 1112
420 3007 455 3087 (ν.
481 3003 530 3087 12)
554 3009 682 3087 scripsit,
705 3015 857 3070 mortuum
880 3027 945 3070 esse
968 3015 1126 3089 antequam
1141 3009 1299 3071 Suetonius
1320 3007 1451 3069 libellum

312 3109 398 3172 illurn
421 3111 602 3189 composuit,
627 3111 794 3190 amicosque
818 3112 881 3171 eius
904 3109 1031 3173 Gellium
1054 3113 1141 3172 eliam
1163 3111 1260 3172 medio
1283 3109 1399 3201 sacerdo
1421 3129 1450 3188 p·

316 3211 386 3274 Chr.
410 3231 439 3273 n.
463 3210 558 3272 altero
586 3211 695 3273 vidisse
723 3214 837 3274 monuit
858 3213 1025 3275 Alexander
1046 3213 1134 3274 Riese
1164 3212 1210 3293 (de
1239 3213 1451 3278 commentario

313 3313 482 3392 Vergiliano
507 3316 556 3392 qui
578 3314 668 3376 Probi
690 3314 796 3376 dieitur
818 3334 848 3395 p.
872 3312 931 3394 10).

398 3416 532 3477 Primum
553 3423 586 3475 ut
606 3413 757 3476 videamus
780 3415 897 3493 qualem
919 3416 1040 3495 Vergilii
1063 3423 1177 3477 textum
1198 3415 1314 3479 Probus
1344 3409 1452 3477 coristi-

314 3518 420 3587 tuerit,
457 3523 538 3579 certa
570 3517 627 3577 boc
659 3519 779 3578 nomine
812 3519 980 3578 testimonia
1013 3518 1220 3598 perlustranda
1253 3527 1322 3581 sunt
1351 3518 1451 3580 haece.

313 3621 409 3696 Atque
433 3621 553 3698 optimis
575 3617 743 3696 quibusque
766 3618 917 3680 codicibus
947 3639 1013 3681 eum
1044 3641 1129 3682 usum
1159 3639 1223 3682 esse
1254 3639 1320 3681 cum
1343 3639 1398 3700 per
1420 3638 1453 3680 se

313 3727 396 3781 recte
419 3722 547 3782 conicias
570 3728 632 3781 tum
654 3721 814 3798 georgicon
842 3723 971 3800 primum
999 3731 1079 3784 certe
1107 3722 1216 3784 librum
1244 3720 1333 3782 manu
1359 3723 1453 3801 ipsius

313 3829 419 3901 poetae
442 3828 609 3883 correctum
632 3809 665 3882 se
687 3821 795 3900 legisse
817 3824 882 3902 ipse
905 3824 982 3903 apud
1004 3822 1132 3884 Gellium
1154 3822 1219 3884 Xlll
1240 3819 1295 3893 21,
1319 3819 1341 3882 4
1363 3823 1451 3884 adfir-

314 3932 384 3984 mat.
414 3924 446 3984 ln
466 3943 524 4004 quo
537 3924 615 4002 quod
628 3926 762 4004 repperit
777 3927 929 4004 ‘urbisne’
947 3945 982 3986 ex
1000 3927 1111 3987 nostris
1123 3925 1273 3986 codicibus
1286 3926 1452 4004 (manebo)

314 4024 461 4106 praebent
476 4027 561 4104 PRy.
593 4025 725 4103 Cumque
748 4045 807 4087 non
830 4029 929 4088 minus
951 4027 1134 4088 confidenter
1161 4026 1271 4087 ibidem
1299 4026 1336 4087 de
1359 4029 1452 4106 scrip·

314 4129 390 4189 turis
411 4129 499 4189 urbes
520 4129 594 4189 Aen.
618 4127 657 4189 Ill
681 4124 751 4197 106,
782 4132 888 4190 turrim
910 4130 981 4188 Aen.
1005 4129 1030 4188 ll
1052 4125 1117 4190 460
1140 4135 1168 4188 et
1189 4132 1318 4190 securim
1340 4130 1411 4191 hen.
1428 4128 1454 4189 ll

314 4227 379 4290 224
400 4229 527 4299 adserat,
551 4229 598 4291 his
620 4246 739 4307 quoque
761 4229 834 4291 locis
856 4231 983 4308 optimae
1005 4231 1074 4291 hdei
1097 4229 1246 4310 exemplar
1268 4231 1385 4293 videtur
1406 4232 1451 4290 in·

316 4333 458 4412 spexisse.
504 4331 591 4392 Extat
612 4339 710 4393 autem
739 4335 827 4394 urbes
855 4339 884 4393 et
910 4335 1037 4394 securim
1066 4335 1096 4393 in
1119 4334 1229 4394 nostris
1251 4332 1334 4394 libris
1357 4334 1452 4394 omni·

315 4433 388 4504 bus;
420 4437 543 4511 tumim,
575 4434 653 4514 quod
680 4435 850 4497 Priscianus
878 4454 1011 4516 quoque,
1040 4455 1112 4498 usus
1139 4435 1189 4496 ille
1216 4436 1343 4496 sortasse
1364 4432 1453 4494 Probi
