3276 5050
657 431 899 475 66666666666.
1292 413 1351 480 133

205 602 271 664 coll.
303 601 395 682 Serv.)
424 609 544 663 torrens
565 593 598 662 'et
623 607 798 664 montanum
826 601 936 662 flumen
966 601 1068 684 (schol.
1092 570 1199 665 Veronss
1221 605 1294 666 hen.
1318 605 1343 666 ll

206 702 268 767 305
291 704 357 766 coll.
382 704 464 765 Serv.
496 709 527 776 et
546 705 633 784 hspri
656 710 769 780 quaest.
797 722 825 783 p.
851 701 921 773 112,
947 701 985 764 11
1008 705 1054 780 Κ.)
1076 706 1219 767 sublustri
1241 706 1342 784 (schol.

206 807 315 868 Veron.
337 808 410 868 Aen.
433 804 473 866 IX
494 803 557 867 373
580 803 646 867 6611.
663 805 754 886 Serv.)
778 809 923 882 quianam
947 804 982 886 (v.
999 804 1099 886 supra)
1122 809 1161 868 ita
1184 816 1216 867 ut
1239 809 1296 868 vim
1322 817 1351 870 et

207 928 291 970 usum
309 915 338 969 et
353 909 497 986 originem
513 907 598 968 docte
613 906 784 970 illustraret.
813 907 909 968 Minus
920 907 1106 987 probandum
1128 909 1206 988 quod
1222 911 1294 970 Aen.
1312 911 1351 970 lx

207 1008 269 1072 418
295 1028 357 1087 per
383 1017 497 1087 tempus
525 1017 683 1086 utrumque
709 1009 788 1070 idem
818 1029 883 1092 csse
912 1009 1003 1071 voluit
1031 1010 1109 1088 quod
1141 1014 1222 1072 iuter
1245 1011 1349 1098 (Sem...

209 1113 260 1192 qui
294 1111 331 1172 ad
362 1111 435 1174 alios
463 1129 579 1192 quoque
607 1112 688 1173 locos
717 1112 771 1173 llll
797 1107 848 1173 56.
872 1109 934 1172 663
977 1111 1027 1172 Vll
1049 1109 1091 1173 30
1129 1113 1192 1173 Vlll
1216 1110 1275 1175 107
1311 1113 1350 1174 IX

208 1211 270 1276 556
293 1214 416 1274 eandem
439 1216 585 1276 rationem
609 1213 762 1292 adhibuit).
788 1213 957 1294 Simplicius
973 1213 1130 1294 explicavit
1152 1232 1211 1291 quo
1225 1230 1350 1276 munere

209 1316 388 1377 locutionem
410 1334 456 1394 ge.
478 1315 531 1377 llll
552 1312 616 1378 520
637 1315 786 1394 (Philarg.)
810 1315 865 1376 ‘oh
889 1332 976 1393 quarn
999 1321 1100 1381 rem':
1127 1315 1199 1378 ‘nou
1221 1319 1350 1378 nallius’

208 1437 267 1480 non
291 1417 363 1479 levis
385 1419 515 1480 numinis
544 1421 619 1480 iram
646 1421 861 1496 interpretatus
891 1425 936 1478 est
957 1435 1003 1496 ge.
1027 1413 1164 1478 1111453
1188 1417 1346 1498 (Philargt
1388 1493 1393 1504 ³

208 1520 371 1588 lllo,versu
392 1520 587 1600 ‘semiputata
609 1520 663 1582 tihi
684 1519 824 1580 frondosa
847 1521 913 1580 vitis
935 1521 966 1580 in
988 1518 1069 1580 ulmo
1092 1523 1154 1579 est’
1177 1519 1231 1580 ecl.
1249 1519 1274 1580 ll
1297 1516 1347 1589 69,

206 1625 237 1684 in
260 1640 318 1700 quo
342 1622 482 1684 exultavit
505 1630 637 1684 veterum
660 1629 925 1684 commentatorum
948 1620 1134 1700 quorundam
1157 1624 1345 1700 perversitas,

207 1727 371 1786 rectissime
394 1726 488 1785 sensit
510 1723 584 1785 nihil
605 1725 663 1785 uisi
685 1709 902 1803 neglegentiam
923 1722 1115 1802 reprehendi,
1139 1725 1226 1800 ‘quia
1249 1725 1346 1784 statim

206 1835 273 1906 post
293 1827 471 1888 vindemiam
494 1833 598 1904 putant
619 1827 710 1886 vites'
735 1825 873 1907 (Philarg.
898 1825 964 1885 coll.
989 1825 1094 1905 Seru).

291 1929 352 1990 Nec
374 1930 491 1990 transiit
512 1925 687 2008 explicando
703 1928 748 1988 vel
764 1920 910 1989 faciliora:
932 1929 1069 2002 geminus
1091 1931 1172 1988 ecies
1195 1927 1232 1994 de
1255 1927 1349 1988 oculis

207 2030 264 2092 dici
287 2032 378 2110 (Serv.
402 2032 474 2108 den.
500 2027 619 2090 v1789
648 2031 685 2090 cl.
710 2029 746 2090 ad
768 2030 795 2090 ll
817 2026 867 2108 30)
893 2028 1058 2099 adnotavit,
1088 2031 1255 2105 inprudens
1275 2029 1346 2090 Aen.

205 2133 244 2194 lX
273 2130 336 2195 386
365 2151 423 2211 quo
452 2139 602 2211 spectaret
630 2133 775 2211 quaesivit
804 2130 907 2212 (schol.
933 2132 1040 2191 Veron.
1074 2129 1142 2190 coll.
1167 2129 1275 2210 Serv.);
1312 2149 1348 2190 ex

208 2234 301 2296 trihus
322 2253 395 2314 quas
422 2237 577 2315 proposuit
604 2233 687 2294 verbi
713 2235 835 2294 sedebat
856 2233 928 2292 Aen.
953 2232 989 2292 lX
1013 2229 1034 2292 4
1062 2231 1232 2293 notionibus
1261 2231 1349 2310 elegit

206 2339 387 2416 aptissimam
410 2357 534 2416 eamque
558 2333 805 2414 simplicissimam
829 2333 974 2416 (Servium
1000 2335 1036 2395 ci.
1060 2333 1139 2394 idem
1162 2333 1198 2394 ad
1222 2333 1233 2393 l
1254 2329 1298 2394 56,
1319 2342 1348 2393 et

205 2439 319 2500 Nonius
341 2456 368 2517 p.
390 2435 462 2508 404,
485 2436 553 2515 21);
578 2437 785 2498 benedixisse
809 2443 926 2516 poetam
948 2453 995 2515 ge.
1018 2435 1072 2497 llll
1087 2433 1149 2498 238
1172 2439 1348 2512 animosque

206 2545 236 2602 iu
258 2544 382 2602 uulnere
403 2548 540 2618 ponunt,
570 2559 628 2601 non
658 2543 689 2601 in
711 2543 838 2609 uulnere
866 2546 915 2600 aut
943 2542 974 2600 iu
996 2541 1107 2600 nulum
1125 2538 1345 2608 demonstravit,

205 2662 383 2724 quamquam
406 2643 497 2704 verba
519 2645 583 2722 ipsa
606 2644 789 2721 grammatIci
816 2644 847 2702 iu
876 2640 996 2704 scholiis
1018 2640 1222 2702 Bernensihns
1244 2640 1344 2702 admo·

205 2746 275 2808 dum
300 2745 416 2807 turbata
439 2753 515 2808 sunt.
1109 2747 1112 2754 '

216 2874 218 2876 ·
289 2848 398 2909 Verum
422 2856 451 2909 et
472 2847 670 2910 reconditiora
692 2867 728 2909 ex
751 2848 932 2909 Graecorum
959 2846 1044 2924 poesi
1072 2852 1212 2925 repetens
1240 2862 1294 2904 cur
1318 2851 1348 2904 et

205 2968 264 3028 quo
287 2957 408 3012 auctore
435 2954 558 3012 neruiue
590 2955 670 3011 mille
712 2951 818 3010 Furiae
849 2948 1020 3010 tribuantur
1041 2949 1113 3008 Aen.
1138 2946 1189 3008 Vll
1210 2943 1271 3006 337
1295 2945 1346 3005 do-

205 3054 265 3112 cuit
288 3050 401 3130 (Serv).
447 3052 632 3131 Ingeniosius
656 3070 743 3130 quam
772 3051 871 3111 verius
899 3057 1068 3128 comparata
1090 3049 1222 3109 Enniana
1252 3053 1344 3106 meta-

205 3154 298 3232 phora
332 3155 491 3216 ‘succincti
514 3154 603 3216 eorda
635 3153 816 3216 machaeris’
840 3151 1007 3216 Pandarum
1036 3158 1065 3211 et
1092 3151 1188 3211 Bitian
1215 3157 1347 3210 armatos

201 3256 291 3329 ferro
315 3255 394 3336 (Aen.
418 3257 458 3317 IX
480 3253 551 3334 678)
574 3256 719 3317 intellexit
741 3257 856 3316 ‘ferrea
887 3253 976 3314 corda
1004 3251 1183 3313 hahentes':
1218 3251 1346 3312 fortasse

205 3361 273 3435 qiua
294 3360 416 3439 proprie
439 3365 560 3438 accepta
582 3359 683 3418 nescio
707 3357 777 3434 quid
798 3355 940 3434 languere
963 3356 1055 3416 sensit
1071 3360 1181 3434 poetae
1203 3352 1301 3414 verba.

289 3460 398 3521 Subtili
420 3468 508 3538 atque
531 3460 657 3539 eleganti
680 3478 770 3520 sensu
793 3451 887 3518 artem
909 3463 1015 3538 poetae
1042 3455 1186 3534 indagans
1214 3454 1346 3514 animad-

204 3563 291 3622 vertit
313 3581 369 3623 nec
390 3561 503 3623 Allecto
525 3581 582 3623 666
605 3561 781 3641 Cupidinem
804 3579 861 3621 666
876 3559 1066 3629 Mercurium,
1089 3557 1141 3619 uhi
1161 3559 1242 3618 iussa
1264 3557 1346 3617 iesti-

204 3671 285 3733 nent,
313 3663 412 3724 verhis
434 3664 619 3743 respondere
648 3665 675 3725 ei
706 3665 756 3743 qui
783 3665 911 3727 iusserat
943 3659 1047 3740 (schol.
1072 3659 1179 3720 Veron.
1201 3661 1273 3720 Aen.
1297 3659 1346 3718 Vll

204 3749 264 3826 344
288 3765 354 3827 coll.
379 3767 481 3828 Servio
505 3767 541 3827 ad
563 3767 576 3827 l
598 3763 686 3846 689),
711 3766 851 3827 adversus
874 3765 1036 3826 Cornutum
1060 3770 1158 3824 autem
1182 3760 1345 3822 defendens

204 3870 274 3928 den.
298 3865 420 3930 111691
444 3867 489 3928 vel
512 3866 548 3927 ah
570 3869 669 3929 Aenea
691 3867 777 3928 hoste
799 3867 952 3942 infelicem
976 3865 1088 3926 Vlixem
1111 3883 1171 3925 666
1192 3863 1344 3932 indecore,

204 3969 254 4029 sed
277 3971 432 4048 magnifico
455 3976 485 4030 et
512 3987 582 4030 vere
611 3969 740 4030 humano
769 3969 867 4029 animo
886 3968 954 4032 dici
982 3967 1082 4029 docuit
1111 3965 1213 4047 (schol.
1236 3965 1344 4027 Veron.

204 4071 271 4138 coll.
296 4071 399 4153 Seru).

287 4174 368 4258 ldem
390 4182 489 4234 tamen
512 4175 619 4237 merito
643 4175 818 4253 vituperavit
845 4180 980 4254 poetam,
1012 4173 1063 4251 qui
1084 4169 1206 4232 Achillis
1233 4171 1265 4229 in
1287 4169 1343 4250 Ly-

204 4295 326 4337 caonem
359 4283 546 4356 peremptum
579 4275 802 4338 insultationem
842 4277 961 4336 imitans
994 4275 1129 4352 Tarquiti
1169 4291 1277 4352 corpus
1313 4274 1344 4332 in

204 4397 308 4458 campo
330 4381 430 4440 iacens
453 4378 575 4440 flumine
597 4397 728 4439 mersum
751 4380 789 4439 iri
817 4380 882 4439 sine
910 4379 1025 4438 ratione
1051 4371 1246 4456 praedixe'rit,
1276 4393 1343 4434 cum

109 4497 115 4522 ‘
204 4480 282 4560 apud
304 4481 466 4542 Homerum
487 4481 604 4558 Lycaon
628 4481 801 4566 etulugisset
823 4497 859 4538 ex
881 4478 1002 4539 flumine
1027 4477 1068 4559 (Φ
1083 4474 1134 4556 35)
1158 4486 1188 4538 et
1207 4485 1344 4536 mortuus
