3212 5042
294 416 317 478 8
748 429 991 473 recudendam.

295 605 351 666 sibi
374 602 495 664 inlatam
519 603 726 682 conqueritur,
750 607 783 661 ut
804 600 970 660 carminum
994 598 1190 676 quorundam,
1215 615 1291 678 quae
1314 604 1443 666 maxime

293 707 471 786 imperatori
494 705 643 785 placuisse
671 702 765 764 videri
792 709 932 784 possunt,
962 703 1136 763 memoriam
1164 701 1270 766 lectori
1297 706 1382 782 quasi
1409 706 1443 766 in

294 811 424 870 rinhnum
447 815 577 870 revocet.
616 805 770 872 Menalcan
787 807 867 866 enim
882 823 942 866 non
957 811 1117 884 pastorem,
1140 804 1193 866 sed
1208 807 1306 885 ipsum
1321 814 1441 886 poetam

293 919 430 972 uestrum
453 908 686 988 intellegendum
709 927 776 972 esse
799 909 887 970 etiarn
910 909 1060 988 expressis
1076 907 1173 970 verbis
1188 907 1338 970 adnotavit
1349 909 1442 980 Quin·

294 1013 414 1074 titianus
437 1009 552 1081 Vll16,
575 1009 628 1074 47.
671 1011 713 1074 Ae
735 1018 798 1072 turn
820 1009 1010 1072 mediocriter
1033 1009 1130 1072 adhue
1152 1017 1234 1080 noto,
1265 1018 1298 1072 ut
1320 1012 1359 1073 ait
1381 1013 1443 1074 lio-

292 1123 382 1178 natus
404 1134 434 1195 p.
457 1111 508 1185 59,
531 1110 552 1175 5
574 1114 621 1184 R,
645 1131 733 1192 opem
755 1112 823 1174 tulit
844 1113 1000 1174 Maecenas
1023 1113 1070 1195 (ei.
1086 1111 1229 1175 Martialis
1250 1112 1316 1176 Vlll
1336 1111 1387 1185 56,
1410 1111 1444 1186 9,

292 1235 476 1297 quamquam
494 1217 542 1277 his
564 1217 596 1276 in
618 1216 708 1278 rebus
731 1216 892 1278 auctoritas
915 1216 978 1276 eius
1000 1213 1090 1286 nulla,
1115 1222 1144 1276 et
1165 1233 1259 1277 earm.
1282 1216 1319 1278 ad
1341 1217 1442 1278 Pison.

279 1317 357 1382 ’218
380 1320 456 1400 sqq.)
480 1318 657 1399 videturque
679 1319 841 1398 pervicisse
864 1326 897 1379 ut
920 1326 1007 1397 poeta
1023 1317 1128 1382 saltem
1142 1319 1173 1380 in
1187 1319 1338 1396 integrum
1354 1319 1444 1382 resti·

294 1430 440 1484 tueretur.

379 1572 437 1637 Sed
461 1574 594 1653 quamvis
616 1570 718 1636 laudes
741 1574 893 1634 beneficiis
917 1577 1016 1635 minus
1043 1593 1132 1654 quam
1154 1593 1224 1654 spes
1257 1561 1355 1637 iuerat
1377 1594 1444 1636 me-

294 1681 418 1748 ruisset,
452 1697 512 1738 non
541 1695 610 1737 eum
639 1676 804 1737 sellarum
832 1678 961 1755 gessisse
989 1683 1021 1736 ut
1050 1677 1197 1738 amicitiae
1221 1695 1290 1738 cum
1312 1675 1444 1755 Vergilio

295 1779 444 1863 vinculum
475 1785 683 1859 rumperetur,
719 1777 806 1858 docet
834 1778 935 1858 ecloga
965 1785 1093 1857 secta,
1128 1798 1186 1859 qua
1214 1780 1269 1840 etsi
1297 1778 1447 1860 splendidi

296 1883 376 1972 illius
404 1883 548 1964 poematis
578 1880 738 1942 'eonsilium
768 1901 801 1942 se
829 1881 1004 1960 deposuisse
1032 1888 1121 1961 poeta
1154 1882 1328 1961 profitetur,
1365 1882 1446 1960 quod

296 1983 410 2046 scilieet
432 1983 554 2062 regibus
577 1992 607 2045 et
628 1983 750 2063 proeliis
778 1983 920 2045 canendis
950 2002 982 2045 se
1010 1985 1149 2064 inparem
1174 1985 1315 2054 senserit,
1345 1993 1447 2046 tamen

297 2088 452 2166 promissis
474 2088 516 2147 ita
538 2092 605 2156 stat,
630 2091 662 2146 ut
684 2085 848 2146 honorifico
872 2085 994 2146 exordio
1017 2086 1180 2166 praemisso
1203 2084 1295 2147 Sileni
1317 2104 1446 2166 persona

298 2209 369 2251 usus
404 2189 564 2250 iucundam
594 2189 761 2266 communis
789 2189 923 2267 magistri
945 2187 1086 2268 Epicurei
1120 2188 1243 2268 Syronis
1271 2190 1446 2249 memoriam

297 2291 391 2353 veteri
419 2289 513 2352 sodali
541 2292 625 2351 tenui
654 2289 823 2350 harundine
850 2291 1018 2351 resuscitet.
1062 2288 1172 2370 (schol.
1200 2291 1308 2352 Veron.
1340 2311 1369 2370 p.
1393 2287 1445 2353 74,
1513 2357 1518 2378 Ι

296 2389 374 2457 511.
420 2393 543 2473 Servius
566 2392 601 2452 ad
626 2391 681 2452 ecl.
704 2390 740 2450 Vl
765 2387 804 2452 13
849 2391 955 2452 Donati
978 2393 1036 2452 vita
1058 2411 1087 2472 p.
1111 2389 1162 2464 59,
1188 2389 1204 2453 1
1229 2410 1294 2472 sqq.
1318 2393 1364 2486 ll.)

384 2546 524 2610 Ceterum
547 2552 715 2606 memoratu
738 2551 820 2606 certe
843 2545 976 2622 dignum,
999 2546 1091 2608 luisse
1115 2545 1219 2607 eodern
1234 2554 1371 2627 tempore
1386 2549 1446 2610 Lu·

297 2653 378 2712 cium
401 2647 548 2726 quendam
577 2651 692 2710 Varum
714 2646 904 2728 Epicureum,
929 2647 1063 2710 Caesaris
1085 2649 1222 2720 amicum,
1246 2650 1331 2712 cuius
1354 2649 1445 2722 Quin·

300 2750 419 2813 tilianus
442 2750 478 2811 Vl
501 2747 531 2820 3,
555 2746 596 2812 78
619 2751 801 2811 mentionem
825 2749 911 2820 iecit,
941 2750 978 2812 de
1008 2769 1068 2830 quo
1097 2769 1166 2812 eum
1193 2760 1349 2831 praeterea
1373 2752 1446 2814 nihil

299 2853 450 2916 traditum.
463 2854 510 2923 sit,
539 2852 664 2914 refutari
686 2851 806 2931 quidem
834 2852 965 2916 Massoni
993 2854 1179 2925 coniectura,
1194 2853 1306 2916 -eidem
1335 2856 1446 2917 aver·

301 2955 372 3036 gilio
402 2955 535 3034 eclogam
571 2960 683 3016 sextam
722 2953 888 3016 dedicatam
923 2973 1005 3030 esse,
1046 2957 1137 3017 certis
1170 2959 1353 3036 argumentis
1384 2977 1446 3020 non

300 3059 420 3139 poterit.
465 3057 503 3118 Ut
524 3059 576 3136 qui
590 3057 624 3119 L.
647 3055 792 3131 Alfenum
819 3059 936 3119 Varum
964 3057 1053 3137 pleno
1076 3059 1197 3119 nomine
1220 3059 1379 3140 appellavit
1399 3061 1446 3122 lo.

300 3161 449 3222 Henricus
471 3160 594 3220 Vossius
617 3157 654 3218 ad
678 3158 731 3219 ecl.
756 3159 792 3220 Vl
814 3179 843 3238 p.
865 3151 928 3221 291
958 3161 1079 3220 minime
1106 3159 1240 3223 videatur
1269 3181 1293 3224 a·
1307 3161 1446 3242 probabi·
1478 3161 1481 3170 '

301 3263 382 3325 litate
414 3261 585 3330 aberrasse;
620 3261 676 3321 nisi
710 3262 776 3340 quis
803 3262 881 3322 forte
907 3261 1078 3323 Weicherto
1109 3262 1156 3342 (de
1184 3263 1216 3324 L.
1246 3265 1331 3332 Vario
1360 3271 1448 3343 poeta

300 3384 328 3444 p.
363 3363 432 3442 131)
467 3371 588 3425 auctore
617 3362 781 3442 Spaldingii
814 3365 1016 3424 coniecturam
1049 3364 1282 3444 probabiliorem
1309 3365 1448 3432 habuerit

303 3451 347 3548 (in
377 3466 470 3547 praei.
502 3465 539 3527 ad
567 3463 743 3537 Quintiliani
777 3464 834 3526 vol.
863 3464 888 3525 ll
923 3485 951 3545 p.
981 3466 1031 3527 vll
1060 3466 1235 3547 prolatam),
1270 3487 1326 3550 qua
1354 3469 1447 3541 Quin·

303 3569 392 3640 tiliae,
421 3587 481 3630 non
503 3567 675 3629 Alienorum
699 3567 797 3646 gentis
819 3567 851 3628 L.
876 3567 970 3629 Varus
992 3568 1157 3648 Epicureus
1184 3571 1277 3632 luisse
1297 3573 1446 3636 statuitur.

301 3674 411 3736 Contra
448 3669 544 3748 qualis
580 3671 618 3730 sit
653 3671 922 3748 grammatistarum
958 3678 1151 3744 nostrorum,
1195 3675 1221 3734 si
1257 3673 1302 3734 dis
1337 3673 1445 3754 placet,

303 3776 439 3836 doctrina
462 3771 614 3834 luculento
638 3771 774 3852 exemplo
796 3772 904 3834 docent
927 3791 959 3835 ea
984 3790 1060 3851 quae
1082 3775 1113 3834 in
1129 3776 1277 3838 Servianis
1299 3775 1335 3838 ad
1358 3795 1383 3835 v.
1408 3773 1446 3838 11

302 3877 390 3939 huius
414 3874 534 3953 eclogae
549 3873 671 3936 scholiis
694 3879 979 3938 ‘commentatores'
995 3857 1119 3954 narrare
1134 3879 1282 3942 feruutur.
1313 3877 1448 3961 Cytheris

304 3980 447 4041 nimirum
475 3978 633 4048 meretrix,
670 3993 758 4056 quarn
786 3979 817 4039 in
845 3978 945 4058 ecloga
966 3978 995 4040 -X
1016 3978 1162 4061 Lycorida
1183 3982 1346 4054 vocaverit,
1375 3999 1447 4042 cunr

303 4089 407 4163 postea
429 4082 460 4141 in
484 4077 601 4140 theatro
616 4079 693 4142 hanc
709 4079 746 4141 de
762 4080 862 4142 Sileno
877 4087 1035 4152 cantasset,
1059 4082 1257 4163 stupefactum
1273 4083 1448 4146 Ciceronem

306 4186 393 4246 cuius
417 4189 496 4244 esset
517 4182 707 4262 requisivisse
731 4192 843 4245 etcum
859 4203 927 4246 eum
941 4183 1062 4246 tandem
1077 4184 1234 4265 aliquando
1250 4187 1446 4265 cognovisset,

304 4287 415 4348 dixisse
439 4285 518 4346 etad
534 4301 619 4346 suam
642 4295 672 4346 et
686 4285 722 4346 ad
737 4284 817 4347 illius
831 4285 951 4348 laudern
966 4290 1108 4366 ‘magnae
1124 4305 1193 4367 spes
1208 4286 1301 4348 altera
1312 4287 1447 4360 Romae’,

306 4389 386 4470 quod
408 4396 511 4469 postea
534 4407 550 4448 a
572 4385 701 4467 Vergilio
725 4387 761 4450 ad
783 4389 942 4452 Ascanium
963 4386 1147 4472 {translatum
1171 4408 1246 4451 esse.
1291 4390 1374 4470 (Aen.
1395 4390 1447 4456 llll

304 4488 387 4569 168.)
432 4489 552 4552 Scilicet
573 4497 733 4570 postquam
755 4491 885 4572 primum
902 4509 980 4553 anno
996 4494 1027 4554 ni
1042 4491 1128 4554 fallor
1145 4488 1208 4553 714
1222 4493 1344 4556 ineunte
1358 4503 1446 4574 poeta
