3230 5046
612 408 853 451 Pnohaaoraann.

205 603 247 630 =
270 578 353 656 allai,
379 576 416 637 cl.
441 575 578 636 Servius:
603 579 685 638 aedit
705 596 762 656 pro
785 579 902 639 dabat
937 578 1009 638 Aen.
1033 575 1086 638 Xll
1108 575 1171 639 394

204 701 247 731 =
270 680 360 740 Mabc
381 682 458 741 exiit
479 697 534 758 pro
556 682 673 740 exilit
692 752 693 758 ἵ
709 695 754 756 ge.
779 679 805 738 ΙΙ
828 675 866 739 81

204 807 247 835 =
267 801 304 860 y,
334 782 370 842 cl.
394 783 492 855 Milic,
528 779 663 840 Servius:
698 783 810 841 mirata
842 788 943 857 estque
974 798 1028 861 pro
1061 785 1300 856 miraturque

293 907 296 926 ν
405 901 460 961 ge.¹
475 883 501 943 ΙΙ
523 875 570 943 82'

205 1013 248 1040 =
270 988 368 1064 atita
391 1003 408 1046 c
429 988 491 1046 laci
508 1003 564 1064 pro
586 991 621 1045 ct
642 987 735 1045 ieai'
755 1003 800 1064 ge.
824 985 879 1046 Illl
900 980 957 1046 45:
981 985 1018 1045 cl.
1044 984 1172 1045 Servius.

246 1089 399 1168 Discrepat
419 1089 449 1147 in
472 1085 625 1148 laudandis
647 1083 863 1164 Vergiliilocis'
885 1093 1040 1166 praeterea
1063 1086 1122 1146 his:

205 1188 258 1251 ccl.
284 1189 320 1249 ΙΙΙ
365 1186 406 1251 52
423 1183 599 1270 pateram]
622 1193 728 1264 *loacas
751 1206 786 1248 ex
810 1206 895 1249 versu
917 1187 1119 1248 antecedente.

224 1310 270 1370 ge.
315 1293 327 1353 Ι
351 1288 411 1353 186
435 1299 544 1366 ataac
565 1293 677 1366 inopi
695 1285 874 1372 meracas]
900 1297 1090 1366 mctacacqac
1111 1293 1197 1366 inopi

187 1391 189 1399 ’
239 1427 251 1439 -
285 1394 330 1470 ιΙΙΙ
352 1389 411 1456 351
436 1386 556 1474 redit]
582 1395 695 1468 iacet,
721 1391 874 1452 sedidem
898 1391 954 1452 alio
977 1390 1041 1452 loco
1064 1398 1145 1452 recte
1166 1393 1255 1452 redit.

240 1531 251 1542 ·
303 1530 315 1542 ·
351 1492 411 1557 381
436 1489 545 1577 talis]
569 1496 640 1571 qaia
662 1502 692 1554 ct

180 1599 251 1659 Aen.
276 1598 330 1659 Xll
374 1593 415 1659 84
437 1592 569 1679 auras]
594 1613 705 1671 aranas,
730 1614 789 1656 non
812 1595 897 1656 male.
1171 1670 1177 1678 .

244 1702 365 1762 lucani
386 1697 543 1760 scholiasta
565 1699 682 1760 novisse
707 1698 821 1758 videtur
850 1697 997 1777 duplicem
1027 1700 1203 1778 scripturam
1226 1697 1297 1758 Aen.

153 1803 197 1873 ΙΙΙ
222 1799 284 1863 268
312 1803 498 1896 depictam
521 1802 643 1862 Asiam
672 1807 701 1860 et
724 1802 840 1863 devicta
863 1802 953 1861 Asia:
983 1819 1050 1860 nam
1074 1819 1131 1880 qua
1154 1799 1299 1878 significa·

161 1905 252 1965 tionis
274 1904 439 1978 differentia
462 1901 616 1963 subsidere
639 1921 705 1962 cum
729 1903 894 1962 accusativo
924 1902 968 1964 vel
991 1921 1056 1964 cum
1080 1901 1205 1962 ablativo
1228 1918 1298 1960 con·

158 2009 298 2084 iungatur
327 1989 432 2066 eodem
462 2004 521 2084 q'uo
544 2003 664 2064 Servius
693 2002 781 2063 modo
803 2003 939 2074 adnotat,
971 2005 1050 2064 unde
1079 2010 1179 2064 tamen
1202 2009 1298 2064 utram
1375 2073 1378 2080 Δ
1430 2061 1437 2068 ,

160 2111 225 2188 ipse
248 2105 423 2186 praetulerit
444 2123 503 2166 non
527 2112 658 2185 apparet.

244 2211 309 2272 Non
331 2207 518 2288 inprobabile
541 2215 635 2296 esset,¹
664 2209 689 2268 si
711 2208 880 2269 testimonio
908 2209 1054 2272 niteretur
1088 2206 1167 2285 qnod
1195 2208 1225 2267 in
1253 2205 1299 2266 his

159 2311 278 2372 scholiis
307 2311 429 2390 legimus
462 2313 608 2372 incertam
636 2313 729 2372 iaaac
756 2312 828 2372 Aen.
853 2310 889 2370 Vl
911 2306 987 2370 270:
1020 2317 1050 2370 et
1077 2309 1192 2370 videtur
1220 2306 1298 2385 quod
1347 2295 1358 2316 '

159 2422 218 2474 aa!
240 2415 270 2474 in
293 2416 324 2474 F
343 2414 485 2491 scriptum
509 2419 554 2472 est
575 2411 767 2472 INCERTVM
791 2413 895 2472 eodem
919 2419 1063 2491 spectare.

245 2515 419 2594 Interpretis
451 2532 515 2574 esse
549 2515 620 2574 Aen.
646 2515 668 2574 V
699 2510 760 2574 154
791 2519 956 2576 cartamine
989 2533 1042 2594 pro
1076 2514 1298 2574 discrimine

162 2617 282 2677 Servius
305 2617 399 2677 docet..
439 2615 490 2675 Vel
513 2617 684 2692 memoriter
707 2615 819 2694 prolata
842 2615 887 2676 vel
909 2615 1136 2695 interpolatione
1159 2620 1298 2691 corrupta

158 2717 245 2778 haec:
269 2736 313 2796 ge.
338 2719 351 2778 Ι
376 2713 438 2778 467
463 2719 619 2778 cascaram
644 2718 733 2780 Titan
756 2738 811 2798 pro
834 2721 996 2780 obscura
1018 2719 1193 2790 nitidam,
1225 2717 1296 2776 Aen.

158 2820 171 2881 Ι
195 2815 256 2880 747
277 2822 416 2896 piaasara
438 2837 493 2898 pro
510 2823 669 2896 plausa*
691 2821 731 2883 ΙΙΙ
752 2817 815 2882 383
836 2839 907 2882 scra
929 2837 984 2900 pro
1005 2823 1128 2894 iaaac.

248 2921 386 2982 Ceterum
410 2921 560 2999 conspirat
574 2928 673 2982 textus
689 2922 865 2984 scholiastae
886 2940 952 2984 curn
967 2928 1138 2982 nostrorum
1154 2919 1297 2980 librorum

156 3031 242 3103 parte
264 3024 294 3083 in
318 3021 516 3084 deterioribus
538 3021 715 3084 lectionibus
737 3024 797 3085 his:

310 3150 352 3177 =
374 3127 443 3185 Ml:
467 3133 520 3186 aaa
541 3133 658 3204 prorat
693 3143 738 3204 ge.
763 3125 775 3186 Ι
796 3123 860 3188 430

374 3227 411 3287 cl.
440 3229 468 3288 a
490 3227 526 3288 ad
548 3223 625 3288 434:
649 3230 764 3289 carebit
785 3246 841 3307 pro
863 3230 1050 3289 carebant
1083 3243 1128 3304 ge.
1144 3219 1234 3285 1435
1294 3293 1298 3300 ¹

308 3352 351 3382 =
372 3336 427 3406 οΙχ
445 3336 631 3406 praereptas
652 3348 708 3408 pro
727 3325 964 3406 praereptas
985 3331 1056 3390 Aen.
1073 3327 1125 3388 llll
1140 3321 1202 3388 516

309 3457 351 3483 =
372 3448 408 3508 χ.·
430 3433 534 3492 damas
555 3450 610 3510 pro
632 3449 760 3494 manas
796 3435 868 3492 Aen.
892 3427 1025 3492 X1259.
1057 3512 1059 3515 .
1090 3479 1093 3483 .
1233 3428 1238 3434 ’

245 3533 310 3594 Uno
344 3530 409 3591 loco
442 3534 604 3594 scholiasta
631 3535 785 3595 Iaacaalis
817 3533 950 3613 agnoscit
984 3549 1070 3612 qnam
1098 3527 1299 3607 Philargyrius
1365 3558 1367 3562 ·

10 3703 13 3714 ¹
132 3629 136 3632 ’
157 3634 307 3713 antiquam
325 3634 525 3694 coniecturam
542 3652 607 3694 esse
623 3622 747 3696 testatur
765 3651 887 3712 paracta
901 3653 946 3714 ge.
963 3634 1003 3694 ΙΙΙ
1018 3629 1090 3702 230,
1114 3635 1181 3691 enin
1205 3631 1298 3690 nostri

156 3735 228 3796 libri
251 3753 355 3795 omnes
377 3735 441 3795 lere
464 3754 531 3812 cum
554 3736 648 3798 Nonio
671 3747 700 3797 et
721 3735 1193 3814 Servio'parniacvretinuerlnt
1224 3732 1297 3793 Cum

156 3837 292 3898 Romano
316 3839 343 3896 ei
366 3838 505 3898 convenit
534 3837 570 3898 de
600 3839 755 3917 magistelli
784 3842 885 3900 nescio
913 3839 998 3900 cuius
1031 3844 1214 3904 commento,
1249 3835 1298 3914 qul

157 3940 230 4000 len.
255 3937 291 3999 Vl
313 3934 377 3999 824
399 3939 511 4000 Brutos
533 3941 652 4017 scripsit
673 3960 728 4020 pro
750 3943 899 4003 Brasos.

240 4039 381 4101 Memoria
410 4041 534 4102 tortasse
563 4041 654 4103 lalsus
676 4061 797 4120 pessum
820 4043 901 4104 dedit
933 4041 1091 4103 scribendo
1114 4037 1167 4100 ecl.
1197 4037 1234 4098 Vl
1255 4033 1298 4098 44

154 4143 303 4201 reclamat
325 4161 380 4220 pro
408 4151 579 4220 sonaret,
613 4145 684 4204 len.
708 4144 734 4204 ΙΙ
755 4141 817 4205 507
851 4147 974 4220 colapsa
1006 4161 1062 4222 pro
1095 4142 1295 4207 convolsa,
1401 4184 1406 4188 .

154 4243 212 4303 nlsi
235 4243 311 4304 lorte
335 4242 408 4303 hacc
431 4261 549 4323 quoque
572 4246 602 4305 in
625 4245 726 4305 codice
748 4245 928 4324 interpolato
950 4251 1111 4324 repererat.
