3230 5046
306 378 379 446 204
560 439 563 450 ,
750 404 994 445 esonnsouenn.
1045 405 1051 412 ·

302 572 428 634 randum
451 579 504 640 est,
529 571 638 632 nedum
662 572 692 631 in
717 572 832 640 ceteris,
857 587 934 648 quae
950 570 1071 640 addunt,
1095 571 1169 634 fides
1184 571 1329 635 habenda.
1365 569 1448 631 Sole·

301 675 374 735 bant
397 675 475 734 enim
498 674 652 733 notissima
674 673 805 733 carmina
828 673 909 742 lere,
933 680 966 733 ut
987 676 1130 734 memoria
1155 673 1349 742 tenebantur,
1384 671 1447 732 lau-

302 776 374 836 dari.
421 765 612 836 Grammatici
634 794 720 844 vero,
745 774 853 852 quibus
875 793 929 836 nos
950 777 1076 844 utimur,
1108 795 1175 836 cum
1200 777 1344 856 pleraque
1366 792 1446 835 corn-

301 876 458 956 pilaverint
480 895 515 937 ex
540 879 627 937 variis
649 879 847 956 antiquiorum
877 879 1113 948 commentariis,
1148 878 1255 956 quibus
1282 885 1381 938 tamen
1409 893 1444 935 ex

301 981 364 1040 suis
386 980 479 1058 copiis
508 978 653 1058 quaedam
680 978 825 1040 adderent
852 982 919 1055 (uec
948 981 1105 1059 quisquam
1134 989 1193 1041 tam
1220 980 1358 1040 indoctus
1388 977 1444 1038 sibi

300 1079 468 1151 videbatur,
503 1083 572 1158 quin
603 1099 639 1140 ex
661 1080 790 1159 Vergilio
819 1081 988 1160 exemplum
1015 1081 1135 1144 adlerre
1164 1081 1303 1159 iuvaret),
1340 1099 1378 1140 ne
1407 1079 1443 1139 de

301 1190 422 1244 auctore
446 1183 564 1262 quidem
587 1183 826 1244 testimoniorum
849 1201 968 1262 semper
991 1191 1114 1244 constat.
1160 1183 1347 1263 lieniqueid
1369 1201 1440 1262 quo·

300 1303 359 1362 que
382 1285 496 1353 accidit,
521 1293 553 1345 ut
575 1287 607 1344 in
629 1285 702 1364 ipsis
725 1285 830 1345 horum
853 1293 1010 1346 auctorum
1033 1281 1253 1365 exemplaribus
1276 1284 1440 1364 Vergiliana

301 1387 489 1465 potissimum
510 1385 600 1447 verba
623 1386 668 1446 vel
691 1405 707 1447 a
730 1386 851 1448 librario
873 1387 1003 1448 litterato
1025 1405 1250 1467 nonnumquam
1272 1387 1318 1448 vel
1341 1408 1358 1449 a
1380 1405 1444 1446 cor·

301 1495 433 1558 rectore,
458 1490 508 1565 qui
530 1506 616 1548 sunm
637 1496 744 1575 poetae
768 1489 920 1571 exemplar
943 1490 1107 1560 conferret,
1138 1496 1334 1552 mutarentur..
1387 1487 1443 1548 Sed

300 1591 374 1651 haec
396 1590 595 1669 uteremplis
616 1589 816 1662 illustremus,
851 1609 904 1670 age
927 1590 1040 1671 aliquot
1062 1599 1214 1662 auctores,
1250 1609 1302 1652 eos
1330 1590 1442 1658 saltem,

301 1711 427 1772 qnorum
451 1694 578 1752 maxime
600 1693 767 1770 frequentia
797 1701 867 1754 sunt
896 1696 1080 1764 testimonia,
1110 1693 1337 1774 perlustramus.
1388 1692 1443 1752 Ex·

301 1794 419 1856 haurire
435 1793 541 1854 'omnia
564 1795 703 1855 immensi
725 1795 815 1855 taedii
838 1803 924 1857 esset.

384 1898 576 1976 Ac'prnnum
599 1890 699 1968 inesse
728 1899 759 1957 in
782 1899 877 1959 Probi
903 1915 978 1975 quae
1006 1896 1146 1958 dicuntur
1169 1900 1336 1960 Catholicis.
1357 1904 1387 1957 et
1412 1897 1443 1955 in

299 2001 441 2060 institutis
462 2003 575 2060 ortium
597 2017 652 2058 nec
674 2018 735 2060 non
757 2000 788 2059 in
803 1999 921 2061 'libellis
953 2001 991 2060 de
1012 2002 1194 2077 differentiis
1216 2007 1246 2060 et
1267 2000 1444 2060 eonomine

301 2121 337 2162 ex
359 2102 469 2181 Berytii
492 2103 676 2178 grammatici
699 2103 920 2164 commentariis
941 2100 1102 2163 uberrimis
1125 2109 1265 2181 excerpta
1287 2101 1389 2161 docuit
1407 2099 1442 2160 Η.

299 2202 410 2264 Keilius
432 2205 463 2263 in
486 2203 670 2281 praefatione
693 2205 791 2288 quarti
807 2198 1068 2282 grammaticorum
1083 2205 1257 2265 Latinorum
1273 2201 1442 2264 voluminis.

300 2305 358 2366 Sed
382 2307 520 2384 qnoniam
543 2307 665 2366 noviciis
687 2307 928 2386 artigraphorum
952 2314 980 2366 et
1002 2305 1170 2386 puerilibus
1184 2307 1351 2386 praeceptis
1365 2303 1441 2364 mul·

299 2408 427 2468 tilariam
451 2409 649 2468 contaminata
672 2415 701 2469 et
723 2416 864 2487 corrupta
886 2415 964 2478 sunt,
988 2407 1224 2486 Vergilianornm
1247 2425 1321 2488 quae
1343 2408 1375 2466 in
1388 2404 1443 2474 bis

298 2509 383 2570 libris
406 2510 581 2572 adseruntur
603 2508 762 2571 verborum
785 2510 859 2570 fides
881 2509 969 2588 longe
991 2511 1112 2570 minima
1136 2528 1172 2570 ex
1194 2516 1279 2590 parte
1302 2506 1337 2569 ad
1354 2505 1443 2567 Probi

299 2613 503 2672 auctoritatem
527 2612 612 2682 redit,
636 2612 688 2675 sed
712 2631 748 2672 ex
771 2611 1014 2672 scholasticorum
1039 2613 1117 2671 tertii
1140 2611 1185 2671 vel
1207 2611 1305 2690 quarti
1326 2603 1355 2689 p.
1372 2608 1440 2670 Chr.

299 2713 410 2774 saeculi
432 2715 574 2778 memoria
598 2713 785 2774 diiudicanda
810 2722 863 2774 est.
895 2713 992 2774 Probo
1009 2733 1085 2794 quae
1099 2713 1243 2775 lectiones
1258 2712 1442 2790 Vergilianas

299 2815 440 2876 vindicari
463 2818 577 2895 possint
599 2818 629 2876 in
652 2816 699 2877 his
722 2814 906 2894 aliorumque
927 2817 1185 2892 grammaticorum
1202 2817 1329 2894 scriptis,
1353 2831 1442 2893 supra

298 2919 438 2996 quamvis
453 2917 583 2979 breviter
606 2918 776 2994 significavi.
973 2908 974 2912 ’

312 3063 315 3066 -
383 3019 434 3078 Sat
467 3017 671 3079 memorabilia
704 3019 866 3080 memoriae
900 3020 1038 3098 antiquae
1072 3021 1193 3098 vestigia
1222 3021 1254 3080 in
1282 3018 1358 3078 libro
1391 3018 1442 3096 qui

298 3120 371 3180 lalso
396 3115 464 3180 olim
488 3123 566 3182 inter
588 3119 753 3181 Probianos
775 3120 927 3182 ferebatur
949 3118 1119 3202 desultimis
1139 3124 1263 3200 syllabis
1286 3120 1440 3198 reperiun-

298 3229 356 3282 tur.
403 3218 491 3286 Cuius
514 3229 617 3284 auctor
639 3229 668 3282 et
690 3223 771 3282 novit
793 3221 942 3301 duplicem
965 3224 1144 3303 scripturam
1159 3231 1189 3285 et
1204 3225 1362 3302 genuinam
1380 3221 1441 3280 vin·

274 3324 377 3384 'dicat
399 3323 445 3385 bis
468 3343 496 3402 p.
519 3321 592 3393 226,
616 3321 657 3385 33
686 3323 721 3384 ‘o
743 3323 841 3385 littera
869 3327 1023 3403 genetivus
1044 3327 1222 3387 terminatus
1245 3325 1376 3386 Graecus
1398 3330 1443 3382 est

299 3443 423 3503 eamque
438 3427 562 3505 produci
577 3443 700 3487 necesse
717 3433 770 3495 est,
795 3435 826 3486 ut
842 3430 872 3487 in
883 3428 1005 3500 foribus
1018 3432 1107 3490 letum
1122 3431 1286 3503 Androgeo
1309 3424 1389 3504 (len.
1405 3425 1443 3484 Vl

297 3524 358 3606 20).
416 3535 462 3589 est
499 3530 577 3589 enim
610 3529 732 3607 proprie
767 3528 900 3590 Graecus
933 3531 1136 3608 genenitivus,
1172 3529 1242 3590 licet
1275 3529 1366 3606 aliqui
1399 3529 1443 3588 sic

298 3628 402 3707 legunt
424 3633 456 3690 in
483 3630 606 3705 foribus
627 3633 717 3692 letum
739 3633 909 3706 Androgei,
941 3632 1073 3694 Graecae
1102 3631 1309 3694 declinationis
1331 3631 1439 3708 ignari:

297 3739 326 3790 et
342 3739 511 3808 portusque
532 3734 661 3794 subimus
684 3735 817 3794 Chaonio
841 3733 889 3813 (ΙΙΙ
911 3730 989 3816 292).
1007 3753 1062 3814 pro
1078 3735 1202 3796 Chaonii
1216 3735 1309 3812 patris
1325 3739 1440 3812 portus,

298 3833 432 3910 quamvis
453 3832 569 3911 legatur
585 3843 750 3912 portusque
769 3839 899 3898 subimus
921 3838 1079 3898 Chaonios.
1124 3827 1170 3896 est
1192 3852 1264 3912 ergo
1286 3834 1442 3912 genetivus

298 3936 458 3996 Obsonio'.
504 3937 585 4008 Quae
608 3937 710 3998 ultima
738 3938 808 3998 licet
828 3956 967 4018 perversa
990 3941 1058 4008 sint,
1092 3945 1191 4002 tamen
1213 3936 1321 3998 docent
1342 3953 1441 4022 gram·

298 4038 436 4098 maticum
458 4039 497 4098 in.
512 4039 673 4118 exemplari
695 4039 793 4120 aliquo
822 4040 925 4100 eadem
951 4041 1101 4118 reperisse
1129 4057 1205 4117 qnae
1233 4038 1323 4100 babet
1348 4037 1442 4098 Medi-

298 4185 382 4267 ceus':
406 4187 555 4270 nonnus
579 4216 608 4269 a
630 4141 839 4272 cnlomos.

330 4389 333 4393 .
381 4343 463 4405 lllam
486 4355 583 4416 autem
606 4347 734 4424 genetivi
757 4345 920 4420 Androgeo
941 4342 1105 4422 analogiam
1127 4351 1247 4406 secutus
1269 4345 1326 4406 luit
1348 4343 1442 4422 quill

294 4440 361 4540 *425
383 4447 605 4512 commendaret
619 4449 746 4516 Peneleo
761 4464 816 4525 pro
833 4448 959 4516 Penelei,
977 4439 1062 4526 vquod
1084 4447 1114 4506 in
1137 4447 1249 4544 nostris
1270 4445 1354 4510 libris
1376 4459 1440 4510 om
