3230 5046
318 386 381 452 194
763 409 1007 452 rnonnoorrmm.

422 593 490 637 eum
511 575 604 654 Mtpt
636 593 683 654 ge.
707 573 847 637 1111230
869 577 983 652 (saue),

442 711 455 722 -
510 678 586 756 Mpb
609 683 640 738 et
661 677 764 738 Servio
796 695 843 756 ge.
867 673 1006 738 1111400
1028 678 1254 764 (sraucentur).

402 779 476 840 ltem
507 797 544 839 ex
570 777 750 857 interpolato
777 779 856 840 libro
888 781 1016 858 sumpsit
1043 781 1069 839 si
1095 779 1122 840 11
1152 777 1211 841 161
1236 790 1356 857 pentem
1382 781 1465 860 legit.

314 880 456 942 Aeneidis
477 899 549 941 vero
571 879 696 941 laudans
718 881 768 941 vll
791 877 856 942 289
877 883 1052 942 memoriter
1078 881 1203 961 protulit
1222 883 1348 944 Italiam
1375 887 1467 960 leupo

310 985 475 1060 prospexit
501 1001 558 1062 pro
579 983 822 1064 Dardaniam
843 982 974 1044 Siculo
1000 1001 1037 1058 p.
1088 983 1172 1055 Quod
1195 991 1292 1046 autem
1313 987 1387 1046 Aen.
1411 985 1465 1046 1111
1530 1057 1537 1070 .

317 1081 380 1145 169
400 1083 509 1164 probat
530 1083 609 1164 quod
631 1086 662 1145 in
677 1086 707 1144 P
723 1083 785 1144 m.l
810 1091 890 1145 extat
910 1085 1057 1160 tutonem,
1082 1104 1150 1146 cum
1166 1089 1260 1148 ceteri
1281 1091 1466 1149 mulorum

314 1185 452 1257 habeant,
476 1205 536 1248 non
559 1188 655 1248 ausim
677 1185 842 1248 decernere
864 1195 964 1248 utrum
987 1189 1085 1248 verius
1106 1189 1153 1249 sit.

836 1474 860 1556 u
887 1472 939 1537 rr.

399 1697 465 1759 Non
488 1695 637 1757 diversum
660 1715 676 1757 a
699 1695 784 1758 Iunio
798 1695 955 1774 Filargirio
978 1713 1044 1757 esse
1066 1698 1212 1758 lauritium
1231 1698 1391 1772 Macriano
1414 1700 1465 1775 qui

313 1801 344 1861 in
371 1801 495 1862 scholiis
522 1799 729 1863 Bernerrsihus
756 1797 923 1877 appellatur
953 1805 982 1857 et
1010 1796 1080 1858 olim
1107 1817 1124 1858 a
1152 1796 1291 1878 Philippo
1313 1797 1464 1876 Wagnero

316 1903 434 1982 (comm.
458 1901 495 1962 de
517 1901 602 1961 lunio
624 1899 798 1978 Philargyro
820 1906 909 1978 partt„
934 1897 970 1976 ll)
997 1897 1181 1962 intellectum
1212 1908 1242 1961 et
1268 1918 1367 1978 nuper
1388 1919 1406 1960 a
1428 1901 1463 1962 G.

314 2002 442 2066 'l'hilone
474 2005 560 2085 (mus.
590 2000 687 2062 Rhen.
716 2001 766 2061 XV
795 1997 865 2079 127)
894 1999 1119 2079 comprohatum
1152 2009 1207 2062 est.
1260 2002 1317 2072 oui
1349 2005 1466 2064 cautius

313 2124 402 2185 quam
424 2104 474 2166 ille
489 2123 551 2166 non
565 2110 635 2184 post
650 2109 767 2164 sextum
790 2100 952 2172 saeculum,
975 2102 1102 2163 sortasse
1118 2121 1188 2164 vero
1203 2102 1354 2183 aliquanto
1379 2106 1465 2184 prius

314 2209 464 2288 seriptum
488 2225 555 2269 esse
587 2207 691 2267 statuit
724 2206 887 2283 genuinum
910 2203 1138 2266 Mediolanensis
1166 2207 1352 2283 grammatici
1380 2224 1462 2266 com·

316 2311 509 2392 mentarium,
533 2309 585 2388 qui
607 2289 664 2369 nec
686 2307 789 2368 Servio
811 2308 874 2384 ipse
896 2307 968 2368 usus
989 2324 1046 2366 nec
1073 2305 1110 2367 ab
1133 2305 1191 2367 hoc
1218 2309 1385 2384 exscriptus
1408 2314 1463 2367 est.

312 2411 479 2491 Excerptus
501 2418 601 2472 autem
625 2411 656 2469 in
681 2409 832 2469 Britannia
857 2415 903 2468 est
923 2407 960 2469 ab
988 2407 1109 2468 homine
1131 2408 1237 2478 Scoto‚
1268 2408 1409 2470 Adanano
1431 2416 1465 2469 ut

312 2514 441 2583 ridetur,
475 2511 595 2572 saeculo
623 2512 687 2571 lere
709 2509 785 2570 Vlll.
835 2509 917 2570 idem
946 2508 1021 2570 alios
1049 2512 1280 2572 commentarios
1307 2509 1384 2571 duos
1412 2529 1463 2571 ex·

314 2615 428 2694 cerpsit
443 2613 586 2692 adpositis
602 2610 727 2690 singulis
741 2608 945 2671 notationibus
960 2618 1114 2671 auctorum
1129 2612 1311 2682 nominihus,
1334 2630 1463 2692 quorum

314 2716 452 2786 alterum,
477 2717 696 2787 Gaudentium,
718 2711 832 2772 scholia
855 2712 995 2773 Seruiana
1018 2711 1170 2783 breviora,
1199 2712 1294 2792 qualia
1316 2723 1386 2774 aute
1407 2714 1464 2776 Da·

314 2816 425 2879 nielem
447 2823 517 2877 nola
540 2822 634 2886 erant,
659 2814 803 2885 alterum,
829 2814 864 2876 T.
889 2817 1008 2876 Gallum
1030 2816 1165 2884 nomine,
1194 2813 1328 2894 pleniora
1351 2817 1463 2896 compi·

316 2918 425 2981 lavisse
447 2924 583 2980 statuunt
609 2917 747 2978 homines
775 2915 854 2977 docti
883 2915 931 2995 (cl.
953 2916 1155 2978 Mommsenus
1181 2933 1257 2977 mus,
1280 2916 1376 2978 Rhen.
1399 2917 1464 2978 XVI

311 3016 375 3082 447
398 3019 467 3100 sq.).

399 3123 466 3184 Uuo
487 3129 644 3202 praetcrea
665 3119 732 3182 loco
755 3122 784 3182 in
809 3120 930 3182 scholiis
944 3118 1149 3181 Beruensihus
1171 3118 1306 3182 laudatur
1325 3121 1465 3182 Isidorus

315 3223 353 3286 ad
377 3223 432 3285 ecl.
449 3223 490 3285 IX
503 3221 545 3284 29
568 3222 745 3302 allegoricae
767 3224 1025 3303 interpretationis
1046 3229 1160 3283 auctor.
1189 3221 1331 3302 Idemque
1352 3241 1463 3284 nomen

317 3326 349 3388 C.
368 3326 402 3387 G.
420 3325 581 3387 Muellerus
603 3327 732 3386 coniecit
753 3325 846 3386 latere
867 3327 898 3385 iu
921 3323 1106 3403 compendiis
1126 3322 1189 3384 Isto
1210 3321 1326 3400 (auecl.
1344 3322 1462 3385 111111

311 3423 696 3508 ge.150.88)³etEus
730 3427 777 3505 (ad
807 3425 862 3488 ecl.
891 3426 918 3487 X
950 3422 1086 3503 argum).
1139 3423 1332 3504 Explicantur
1364 3433 1463 3489 autem

314 3526 450 3607 singulae
472 3546 576 3588 voces:
600 3529 761 3604 ‘claudite
785 3529 805 3588 i.
830 3547 856 3588 e.
880 3533 1001 3588 cantare
1023 3524 1169 3586 desinitc'
1192 3544 1217 3586 e.
1242 3545 1270 3606 q.
1294 3546 1318 3588 s.
1343 3526 1408 3606 (ecl.
1423 3527 1463 3587 111

312 3627 397 3707 111),
420 3631 556 3705 ‘aequor
576 3648 632 3709 pro
655 3648 772 3709 eampo,
816 3629 866 3689 hic
888 3627 1079 3707 metaphora'
1104 3626 1159 3705 (ge.
1183 3624 1284 3705 150);
1315 3631 1460 3703 ‘exudet

312 3732 490 3793 exsiccatur.
539 3729 785 3810 hicrhypallage,
814 3731 885 3792 dum
908 3748 968 3790 non
996 3728 1105 3790 humor
1132 3728 1250 3799 exudat,
1282 3729 1333 3790 sed
1364 3731 1461 3791 terra'

313 3833 369 3912 (ge.
392 3828 491 3912 188).
548 3831 630 3903 Quae
659 3850 726 3892 cum
755 3833 862 3913 partim
891 3830 1002 3893 eisdem
1031 3832 1097 3891 lere
1123 3829 1223 3892 verbis
1251 3832 1281 3890 iu
1310 3831 1461 3894 Servianis

313 3951 434 4013 quoque
457 3932 579 3996 scholiis
601 3932 739 4012 legantur
762 3934 809 4012 (ci.
833 3933 915 3994 Serv.
941 3931 996 3994 ecl.
1018 3932 1060 3993 111
1083 3929 1142 3992 111
1165 3949 1213 4010 ge.
1235 3928 1332 4008 188),
1356 3932 1401 3994 vel
1425 3952 1461 3994 ex

311 4036 416 4098 Servio
445 4035 578 4097 Isidorus
605 4033 703 4096 hausit
738 4034 783 4095 vel
813 4053 848 4096 ex
875 4034 982 4096 Isidori
1018 4035 1119 4096 nescio
1152 4050 1212 4111 quo
1246 4037 1460 4097 commentario

312 4138 458 4220 quaedam
481 4138 513 4197 in
536 4137 707 4198 Seruianam
730 4137 910 4215 farraginem
932 4135 1074 4198 translata
1096 4145 1175 4197 sunt.

398 4224 463 4302 Eos
485 4246 583 4301 autem
618 4237 669 4298 ille
698 4239 750 4315 qui
777 4239 809 4299 in
832 4238 934 4301 ecl.X
968 4245 1143 4316 argumento
1175 4237 1334 4298 tradidisse
1363 4235 1461 4302 lertur

310 4341 359 4404 ili.
390 4343 511 4404 Asinius
541 4338 644 4400 Gallus
671 4347 786 4411 orator,
819 4340 913 4402 Asinii
942 4339 1083 4401 Pollionis
1111 4337 1203 4409 lilius,
1238 4339 1275 4400 de
1303 4356 1363 4416 quo
1392 4343 1457 4402 Vir·

310 4442 399 4526 gilius
420 4443 593 4512 meminit',
624 4441 824 4519 Hieronymus
846 4449 905 4514 est,
929 4443 1013 4503 cuius
1036 4439 1160 4502 eandem
1182 4442 1365 4502 notationem
1388 4441 1456 4504 vide
