3230 5046
324 379 389 445 234
775 401 1017 444 rnoaacouauA.

324 569 436 640 Quinto
459 570 579 648 scripsit
602 567 648 646 (ad
671 569 727 640 Qu.
750 569 787 628 sr.
811 567 838 628 ll
862 564 953 646 ibblz
983 567 1116 629 ‘calamo
1145 576 1175 628 et
1201 575 1367 629 atramento
1397 577 1471 630 tem·

323 676 442 750 perato,
472 670 573 730 charta
604 671 691 730 etiam
715 669 834 731 dentata
861 687 911 730 res
933 677 1047 748 agetur.
1091 667 1198 730 scribis
1225 670 1304 730 enim
1332 678 1362 732 te
1390 690 1473 732 meas

323 769 437 831 litteras
460 772 631 850 superiores
654 771 701 830 vix
729 769 830 848 legere
857 771 1003 850 potuisse:
1033 772 1064 831 in
1093 789 1153 850 quo
1180 755 1257 830 nihil
1282 774 1473 842 eorum,.mi

325 873 427 941 irater,
451 872 507 932 luit
529 888 605 949 quae
627 880 724 950 putas.
770 889 868 950 neque
891 873 970 932 enim
992 880 1156 951 occupatus
1178 890 1259 934 eram
1281 890 1380 951 neque
1400 893 1470 952 per-

324 971 459 1034 turbatus
481 991 537 1033 nec
558 973 652 1033 iratus
674 971 776 1042 alicui,
806 971 858 1033 sed
881 973 938 1034 hoc
960 974 1036 1034 lacio
1064 991 1198 1052 semper,
1227 980 1261 1034 ut
1290 974 1472 1055 quicumque

323 1073 452 1134 calamus
473 1073 505 1134 in
533 1091 639 1134 manus
667 1092 749 1134 meas
781 1075 897 1134 venerit
930 1092 965 1134 eo
999 1076 1042 1135 sic
1076 1082 1142 1135 utar
1170 1081 1326 1152 tamquam
1360 1075 1470 1136 bono’.

322 1175 387 1236 Una
408 1172 566 1235 librarium
595 1173 668 1235 hora
695 1191 841 1253 peragere
869 1175 1031 1237 seeundum
1067 1177 1313 1255 epigrammatum
1346 1195 1471 1238 suorum

323 1274 434 1336 librum
456 1274 590 1335 adfirmat
613 1274 754 1336 Martialis
776 1275 804 1336 ll
827 1273 855 1344 1,
878 1272 913 1345 5,
944 1283 977 1336 ut
1004 1284 1159 1356 poetarum
1188 1295 1308 1356 quoque
1337 1279 1471 1338 carmina

322 1395 383 1437 non
404 1377 502 1436 minus
525 1393 614 1454 quam
636 1377 786 1437 orationes
810 1383 840 1436 et
862 1385 927 1438 acta
949 1379 1037 1447 notis,
1062 1395 1138 1458 quae
1160 1376 1290 1455 linguam
1316 1377 1470 1442 velocitate

323 1477 368 1537 vel
397 1483 560 1556 aequarent
587 1476 632 1536 vel
661 1485 841 1556 superarent
869 1477 993 1556 (Seneca
1022 1496 1068 1556 ep,
1098 1474 1148 1546 90,
1177 1474 1220 1539 25
1256 1479 1394 1541 Manilius
1415 1461 1470 1540 llll

324 1575 385 1640 197
409 1596 474 1658 sqq.
519 1577 661 1639 llartialis
691 1578 773 1639 Xllll
805 1574 893 1656 208),
927 1581 1038 1658 scripta
1069 1581 1162 1640 luisse
1194 1580 1386 1641 statuendum
1419 1584 1467 1642 sit.
1530 1659 1534 1666 ¹

322 1679 401 1758 Ergo
429 1697 468 1742 ne
489 1678 651 1758 Vergilium
680 1679 813 1756 quidem,
843 1681 926 1740 cuius
948 1680 1035 1741 Gellii
1063 1683 1151 1742 etiam
1178 1687 1274 1742 aetate
1303 1680 1472 1762 idiograpbi

322 1781 393 1842 libri
414 1781 560 1850 venibant,
585 1787 636 1841 aut
656 1783 708 1860 qui
729 1780 808 1841 illius
830 1799 901 1842 aevo
925 1780 961 1841 ad
984 1781 1063 1860 vulgi
1084 1801 1172 1842 usum
1195 1774 1375 1861 exemplaria
1398 1802 1470 1844 con·

322 1881 462 1944 finiebant
483 1881 622 1943 librarios
644 1880 718 1943 tales
739 1883 861 1962 proprie
890 1882 1013 1952 litteras,
1038 1882 1140 1963 quales
1161 1885 1192 1944 in
1214 1883 1348 1946 Pantheo
1373 1883 1416 1944 vel
1437 1886 1470 1944 in

323 1983 388 2045 aliis
415 1985 618 2044 monumentis
651 1983 778 2063 publicis
807 1982 899 2062 lapidi
928 1984 972 2044 vel
1002 1986 1064 2046 aeri
1100 1985 1203 2045 incisis
1232 1986 1468 2064 conspiciuntur,

323 2087 400 2148 mira
428 2085 581 2164 diligentia
614 2086 747 2165 pinxisse
783 2087 937 2164 quisquam
965 2087 1082 2148 Pertzio
1111 2085 1223 2147 credet.
1273 2085 1359 2157 Quod
1387 2085 1469 2146 nullo

324 2189 435 2248 corilus
458 2194 634 2266 argumento
656 2187 804 2248 refutatur
829 2203 918 2264 quam
942 2187 1097 2250 erroribus
1124 2187 1333 2261 librariorum,
1363 2187 1470 2267 quibus

322 2307 398 2368 quae
420 2289 451 2349 in
472 2289 679 2350 vetustissimis
701 2287 785 2350 libris
807 2289 937 2356 maxime
958 2291 1036 2350 inter
1053 2308 1085 2350 se
1100 2287 1212 2350 similes
1227 2288 1339 2349 luerint
1352 2288 1470 2349 litterae

322 2372 369 2450 ita'
385 2389 615 2460 demonstratur,
639 2398 673 2450 ut
695 2389 838 2450 dubitatio
862 2389 943 2451 nulla
964 2390 1078 2468 reliqua
1100 2391 1147 2451 sit.

407 2491 495 2570 Atqui
516 2489 644 2554 feliciter
667 2492 791 2568 contigit
813 2497 846 2551 ut
867 2491 995 2569 vulgaris
1023 2491 1069 2552 vel
1097 2498 1132 2552 ut
1152 2492 1192 2550 ita
1216 2489 1312 2550 dicam
1335 2491 1469 2552 cursivae

224 2629 226 2633 .
322 2595 490 2672 scripturae
513 2591 648 2671 exempla
672 2593 805 2669 quamvis
827 2591 913 2652 rudia
934 2593 965 2652 in
988 2591 1054 2654 ollis
1081 2593 1236 2654 cinerariis
1264 2591 1400 2672 (quarum
1421 2594 1467 2654 in-

323 2695 501 2773 scriptiones
529 2695 561 2753 in
583 2692 738 2754 Ritschelii
766 2694 883 2773 priscae
910 2693 1076 2755 Latinitatis
1105 2693 1244 2754 thesauro
1273 2692 1382 2756 tabulis
1403 2693 1469 2754 lllll

323 2793 420 2855 -XV
443 2793 693 2874 repraesentatae)
718 2803 753 2854 et·
768 2796 801 2854 in
824 2793 990 2873 parietibus
1012 2795 1202 2875 Pompeianis
1230 2796 1358 2856 maxime
1382 2795 1469 2875 (unde

323 2896 434 2957 ibidem
457 2895 539 2957 tabb.
561 2896 627 2956 XVI
650 2903 680 2956 et
700 2895 779 2956 XVll
800 2914 896 2975 pauca
917 2896 1023 2958 saltem
1046 2896 1193 2958 delineata
1216 2896 1295 2976 sunt)
1326 2895 1396 2958 talia
1418 2914 1468 2956 ex·

323 3007 395 3068 tent,
421 3016 497 3078 quae
520 3015 587 3058 oum
611 2997 744 3076 singulos
767 2997 831 3058 lere
847 2997 1040 3060 librariorum
1055 3016 1175 3060 errores
1190 2998 1354 3060 clarissima
1369 2999 1469 3078 specie

322 3099 488 3170 illustrent,
518 3098 644 3160 doceant
665 3116 754 3178 quam
777 3101 943 3160 certissime
966 3101 1098 3161 currenti
1125 3107 1155 3160 et
1176 3101 1297 3161 minime
1319 3099 1468 3162 laborioso

323 3201 391 3263 stilo
419 3199 584 3281 pugillares
606 3199 727 3278 Vergilii
754 3201 978 3280 antiquissimos
1007 3207 1142 3261 exaratos
1169 3201 1271 3262 luisse.
1324 3201 1409 3274 Quod
1435 3213 1469 3261 ut

323 3306 383 3366 tuis
405 3305 469 3384 ipse
491 3301 585 3362 oculis
614 3319 773 3380 agnoscas,
808 3304 904 3364 varias
931 3302 1113 3381 singularum
1146 3302 1314 3364 litterarum
1346 3303 1467 3371 formas,

323 3403 424 3485 quales
447 3402 574 3466 saeculis
602 3403 639 3464 ab
665 3423 694 3464 u.
720 3422 744 3464 c.
773 3405 900 3484 septimo
933 3411 1074 3483 vergente
1106 3411 1135 3464 et
1168 3411 1271 3465 octavo
1304 3423 1390 3464 rasae
1422 3402 1468 3464 vel

323 3505 457 3585 sculptae
479 3515 565 3575 sunt,
595 3523 631 3566 ex
653 3503 793 3566 thesauro
817 3504 1018 3567 llitscbeliano
1045 3505 1152 3567 additis
1178 3505 1314 3566 locorum
1336 3506 1469 3566 numeris

324 3606 537 3668 describendas
559 3607 659 3668 curavi
687 3613 718 3666 et
744 3607 775 3665 in
803 3605 903 3668 tabula
931 3607 1112 3686 lithographi
1138 3617 1202 3668 arte
1231 3607 1366 3668 conlecta
1399 3605 1469 3666 hnic

323 3708 400 3769 libro
423 3708 553 3769 adiunxi.
597 3709 741 3769 Errorum
764 3713 864 3769 autem
887 3728 903 3770 a
925 3709 1054 3771 librariis
1082 3710 1309 3778 commissorum
1338 3705 1466 3768 tabulam

324 3828 400 3888 quae
423 3812 500 3870 intra
523 3809 671 3888 descripta
695 3817 740 3870 est
762 3811 802 3870 ita
824 3813 992 3890 composui,
1017 3819 1049 3872 ut
1070 3828 1181 3889 genera
1204 3811 1302 3870 omnia
1325 3816 1467 3887 quantum

322 3913 409 3992 potui
431 3929 525 3989 eaque
552 3910 691 3973 omnihus
719 3930 756 3972 ex
787 3911 874 3973 libris
906 3913 1037 3990 antiquis
1072 3911 1111 3992 (b.
1135 3931 1161 3972 e.
1186 3929 1222 3972 ex
1243 3912 1468 3988 AFGMPBV),

325 4033 386 4075 non
409 4019 508 4074 tamen
524 4013 709 4092 singulorum
725 4021 871 4094 quotquot
890 4016 1011 4076 omnino
1028 4021 1129 4075 extum
1144 4012 1289 4092 exempla,
1307 4013 1359 4073 sed
1375 4029 1466 4092 quan·

329 4123 390 4176 tum
413 4115 448 4175 ad
472 4116 713 4194 persuadendum
735 4118 806 4177 satis
827 4115 983 4178 videbatur
1004 4115 1187 4194 colligerem,
1211 4122 1346 4175 ceterum
1367 4122 1399 4174 ut
1420 4130 1467 4173 ra-

324 4219 438 4278 riorum
462 4235 626 4298 earumque
649 4236 725 4298 quae
748 4219 777 4276 in
801 4216 918 4277 schedis
933 4218 1252 4297 AFGVreperiuntur
1273 4215 1467 4295 permutatio·

325 4337 396 4380 num
419 4317 535 4381 nullum
557 4319 644 4381 facile
667 4317 836 4398 exemplum
860 4319 1138 4397 praetermitterem.
1188 4317 1328 4378 Numeris
1358 4323 1466 4384 autem,

325 4441 399 4502 quos
421 4424 452 4482 in
474 4422 645 4501 parenthesi
667 4422 704 4483 ad
726 4421 859 4498 singulas
880 4419 995 4482 litteras
1017 4420 1153 4499 adposui,
1177 4420 1302 4480 indicari
1323 4417 1466 4488 volebam,
