<?xml version="1.0" encoding="UTF-8"?>
<!DOCTYPE html PUBLIC "-//W3C//DTD XHTML 1.0 Transitional//EN"
    "http://www.w3.org/TR/xhtml1/DTD/xhtml1-transitional.dtd">
<html xmlns="http://www.w3.org/1999/xhtml" xml:lang="en" lang="en">
 <head>
  <title>
</title>
<meta http-equiv="Content-Type" content="text/html;charset=utf-8" />
  <meta name='ocr-system' content='tesseract 3.04.00' />
  <meta name='ocr-capabilities' content='ocr_page ocr_carea ocr_par ocr_line ocrx_word'/>
</head>
<body>
  <div class='ocr_page' id='page_1' title='image "./pvergilimaronis02ribbgoog/pvergilimaronis02ribbgoog_0249.png"; bbox 0 0 3230 5046; ppageno 0'>
   <div class='ocr_carea' id='block_1_1' title="bbox 314 360 1016 429">
    <p class='ocr_par' dir='ltr' id='par_1_1' title="bbox 314 360 1016 429">
     <span class='ocr_line' id='line_1_1' title="bbox 314 360 1016 429; baseline -0.009 -1"><span class='ocrx_word' id='word_1_1' title='bbox 314 360 382 429; x_wconf 80' lang='grc'>’208</span> <span class='ocrx_word' id='word_1_2' title='bbox 771 381 1016 424; x_wconf 77' lang='lat' dir='ltr'>enounoosneua.</span> 
     </span>
    </p>
   </div>
   <div class='ocr_carea' id='block_1_2' title="bbox 319 519 1603 627">
    <p class='ocr_par' dir='ltr' id='par_1_2' title="bbox 319 519 1603 627">
     <span class='ocr_line' id='line_1_2' title="bbox 319 519 1603 627; baseline -0.004 -18"><span class='ocrx_word' id='word_1_3' title='bbox 319 544 713 611; x_wconf 73' lang='grc'><strong>1515551155111600</strong></span> <span class='ocrx_word' id='word_1_4' title='bbox 740 551 857 610; x_wconf 83' lang='lat' dir='ltr'>eoelum</span> <span class='ocrx_word' id='word_1_5' title='bbox 884 566 940 626; x_wconf 87' lang='lat' dir='ltr'>pro</span> <span class='ocrx_word' id='word_1_6' title='bbox 969 549 1073 608; x_wconf 82' lang='lat' dir='ltr'>caeli</span> <span class='ocrx_word' id='word_1_7' title='bbox 1105 545 1239 627; x_wconf 87' lang='lat' dir='ltr'>protulit.</span> <span class='ocrx_word' id='word_1_8' title='bbox 1287 545 1379 607; x_wconf 90' lang='lat' dir='ltr'>Plura</span> <span class='ocrx_word' id='word_1_9' title='bbox 1408 563 1487 624; x_wconf 88' lang='lat' dir='ltr'>per·</span> <span class='ocrx_word' id='word_1_10' title='bbox 1602 519 1603 528; x_wconf 24' lang='lat'>¹</span> 
     </span>
    </p>
   </div>
   <div class='ocr_carea' id='block_1_3' title="bbox 321 652 629 712">
    <p class='ocr_par' dir='ltr' id='par_1_3' title="bbox 321 652 629 712">
     <span class='ocr_line' id='line_1_3' title="bbox 321 652 629 712; baseline -0.003 0"><span class='ocrx_word' id='word_1_11' title='bbox 321 659 443 712; x_wconf 89' lang='lat' dir='ltr'>sonatus</span> <span class='ocrx_word' id='word_1_12' title='bbox 466 652 629 712; x_wconf 81' lang='lat' dir='ltr'><strong>commisit:</strong></span> 
     </span>
    </p>
   </div>
   <div class='ocr_carea' id='block_1_4' title="bbox 344 747 1478 1764">
    <p class='ocr_par' dir='ltr' id='par_1_4' title="bbox 428 747 867 849">
     <span class='ocr_line' id='line_1_4' title="bbox 428 747 867 849; baseline 0 -19"><span class='ocrx_word' id='word_1_13' title='bbox 428 788 474 849; x_wconf 83' lang='lat' dir='ltr'>ge.</span> <span class='ocrx_word' id='word_1_14' title='bbox 513 767 622 830; x_wconf 92' lang='grc'><strong>11161</strong></span> <span class='ocrx_word' id='word_1_15' title='bbox 647 747 867 848; x_wconf 76' lang='lat' dir='ltr'>quidproen</span> 
     </span>
    </p>

    <p class='ocr_par' dir='ltr' id='par_1_5' title="bbox 406 867 1053 1052">
     <span class='ocr_line' id='line_1_5' title="bbox 446 867 1046 956; baseline -0.003 -25"><span class='ocrx_word' id='word_1_16' title='bbox 446 904 457 916; x_wconf 98' lang='lat'><em>-</em></span> <span class='ocrx_word' id='word_1_17' title='bbox 501 871 539 931; x_wconf 91' lang='lat' dir='ltr'>lll</span> <span class='ocrx_word' id='word_1_18' title='bbox 561 867 624 932; x_wconf 82' lang='lat'>383</span> <span class='ocrx_word' id='word_1_19' title='bbox 642 877 775 948; x_wconf 79' lang='lat' dir='ltr'><em>pectora</em></span> <span class='ocrx_word' id='word_1_20' title='bbox 796 888 852 949; x_wconf 91' lang='lat' dir='ltr'>pro</span> <span class='ocrx_word' id='word_1_21' title='bbox 874 887 1046 956; x_wconf 79' lang='lat' dir='ltr'>corpora</span> 
     </span>
     <span class='ocr_line' id='line_1_6' title="bbox 406 968 1053 1052; baseline -0.005 -18"><span class='ocrx_word' id='word_1_22' title='bbox 406 976 478 1034; x_wconf 78' lang='lat' dir='ltr'>deu.</span> <span class='ocrx_word' id='word_1_23' title='bbox 503 972 543 1032; x_wconf 93' lang='lat' dir='ltr'>lll</span> <span class='ocrx_word' id='word_1_24' title='bbox 566 968 629 1034; x_wconf 89' lang='lat'>603</span> <span class='ocrx_word' id='word_1_25' title='bbox 651 974 811 1046; x_wconf 75' lang='lat' dir='ltr'>Arpolieos</span> <span class='ocrx_word' id='word_1_26' title='bbox 832 992 887 1052; x_wconf 93' lang='lat' dir='ltr'>pro</span> <span class='ocrx_word' id='word_1_27' title='bbox 909 975 1053 1033; x_wconf 80' lang='lat' dir='ltr'>Iliacos</span> 
     </span>
    </p>

    <p class='ocr_par' dir='ltr' id='par_1_6' title="bbox 429 1070 921 1153">
     <span class='ocr_line' id='line_1_7' title="bbox 429 1070 921 1153; baseline 0.002 -20"><span class='ocrx_word' id='word_1_28' title='bbox 429 1107 441 1119; x_wconf 96' lang='lat'>·</span> <span class='ocrx_word' id='word_1_29' title='bbox 508 1073 544 1134; x_wconf 91' lang='lat' dir='ltr'>v1</span> <span class='ocrx_word' id='word_1_30' title='bbox 568 1070 630 1136; x_wconf 84' lang='lat'>835</span> <span class='ocrx_word' id='word_1_31' title='bbox 649 1078 723 1152; x_wconf 79' lang='lat' dir='ltr'>pias</span> <span class='ocrx_word' id='word_1_32' title='bbox 744 1093 799 1153; x_wconf 91' lang='lat' dir='ltr'>pro</span> <span class='ocrx_word' id='word_1_33' title='bbox 822 1093 921 1135; x_wconf 84' lang='lat' dir='ltr'>meas</span> 
     </span>
    </p>

    <p class='ocr_par' dir='ltr' id='par_1_7' title="bbox 344 1163 1478 1442">
     <span class='ocr_line' id='line_1_8' title="bbox 344 1163 1177 1256; baseline -0.004 -19"><span class='ocrx_word' id='word_1_34' title='bbox 344 1163 349 1173; x_wconf 73' lang='grc'><strong>’</strong></span> <span class='ocrx_word' id='word_1_35' title='bbox 427 1210 439 1222; x_wconf 95' lang='grc'>-</span> <span class='ocrx_word' id='word_1_36' title='bbox 518 1176 545 1236; x_wconf 86' lang='grc' dir='ltr'>Χ</span> <span class='ocrx_word' id='word_1_37' title='bbox 589 1171 631 1238; x_wconf 77' lang='lat'>74</span> <span class='ocrx_word' id='word_1_38' title='bbox 651 1178 836 1238; x_wconf 81' lang='lat' dir='ltr'>succendere</span> <span class='ocrx_word' id='word_1_39' title='bbox 858 1195 913 1256; x_wconf 89' lang='lat' dir='ltr'>pro</span> <span class='ocrx_word' id='word_1_40' title='bbox 936 1179 1177 1239; x_wconf 81' lang='lat' dir='ltr'>circumdare</span> 
     </span>
     <span class='ocr_line' id='line_1_9' title="bbox 427 1275 1478 1359; baseline -0.004 -19"><span class='ocrx_word' id='word_1_41' title='bbox 427 1313 439 1325; x_wconf 93' lang='lat'><strong>·</strong></span> <span class='ocrx_word' id='word_1_42' title='bbox 528 1313 538 1324; x_wconf 92' lang='lat'><em>·</em></span> <span class='ocrx_word' id='word_1_43' title='bbox 591 1276 631 1339; x_wconf 81' lang='grc'>76</span> <span class='ocrx_word' id='word_1_44' title='bbox 654 1281 796 1349; x_wconf 89' lang='lat' dir='ltr'>omissus,</span> <span class='ocrx_word' id='word_1_45' title='bbox 831 1281 900 1359; x_wconf 88' lang='lat' dir='ltr'>quia</span> <span class='ocrx_word' id='word_1_46' title='bbox 934 1279 1009 1339; x_wconf 89' lang='lat' dir='ltr'>nihil</span> <span class='ocrx_word' id='word_1_47' title='bbox 1046 1277 1081 1338; x_wconf 88' lang='lat' dir='ltr'>ad</span> <span class='ocrx_word' id='word_1_48' title='bbox 1116 1279 1239 1354; x_wconf 83' lang='lat' dir='ltr'>liguram</span> <span class='ocrx_word' id='word_1_49' title='bbox 1268 1275 1478 1337; x_wconf 82' lang='lat' dir='ltr'>illustrandam</span> 
     </span>
     <span class='ocr_line' id='line_1_10' title="bbox 540 1382 773 1442; baseline 0 -2"><span class='ocrx_word' id='word_1_50' title='bbox 540 1407 544 1416; x_wconf 88' lang='lat'><strong>·</strong></span> <span class='ocrx_word' id='word_1_51' title='bbox 652 1382 773 1442; x_wconf 86' lang='lat' dir='ltr'>iaceret.</span> 
     </span>
    </p>

    <p class='ocr_par' dir='ltr' id='par_1_8' title="bbox 406 1480 1221 1663">
     <span class='ocr_line' id='line_1_11' title="bbox 406 1480 1221 1563; baseline -0.004 -20"><span class='ocrx_word' id='word_1_52' title='bbox 406 1483 551 1544; x_wconf 83' lang='lat' dir='ltr'>librariis</span> <span class='ocrx_word' id='word_1_53' title='bbox 585 1481 741 1545; x_wconf 75' lang='lat' dir='ltr'>tribuerim</span> <span class='ocrx_word' id='word_1_54' title='bbox 771 1483 849 1560; x_wconf 83' lang='lat' dir='ltr'>quod</span> <span class='ocrx_word' id='word_1_55' title='bbox 877 1483 954 1563; x_wconf 91' lang='lat' dir='ltr'>apud</span> <span class='ocrx_word' id='word_1_56' title='bbox 984 1502 1085 1544; x_wconf 84' lang='lat' dir='ltr'>verum</span> <span class='ocrx_word' id='word_1_57' title='bbox 1113 1480 1221 1559; x_wconf 84' lang='lat' dir='ltr'>legitor</span> 
     </span>
     <span class='ocr_line' id='line_1_12' title="bbox 406 1579 1018 1663; baseline 0.007 -19"><span class='ocrx_word' id='word_1_58' title='bbox 406 1586 478 1647; x_wconf 81' lang='lat' dir='ltr'>Aen.</span> <span class='ocrx_word' id='word_1_59' title='bbox 501 1584 541 1645; x_wconf 91' lang='lat' dir='ltr'>lll</span> <span class='ocrx_word' id='word_1_60' title='bbox 562 1579 627 1644; x_wconf 88' lang='grc'>490</span> <span class='ocrx_word' id='word_1_61' title='bbox 649 1587 767 1648; x_wconf 82' lang='lat' dir='ltr'>tenebat</span> <span class='ocrx_word' id='word_1_62' title='bbox 786 1585 1018 1663; x_wconf 81' lang='lat' dir='ltr'>proferebat</span> 
     </span>
    </p>

    <p class='ocr_par' dir='ltr' id='par_1_9' title="bbox 433 1682 1114 1764">
     <span class='ocr_line' id='line_1_13' title="bbox 433 1682 1114 1764; baseline 0 -18"><span class='ocrx_word' id='word_1_63' title='bbox 433 1719 445 1731; x_wconf 94' lang='lat'><em>·</em></span> <span class='ocrx_word' id='word_1_64' title='bbox 518 1687 542 1746; x_wconf 93' lang='lat' dir='ltr'>V</span> <span class='ocrx_word' id='word_1_65' title='bbox 567 1682 628 1746; x_wconf 84' lang='lat'>190</span> <span class='ocrx_word' id='word_1_66' title='bbox 649 1688 755 1748; x_wconf 77' lang='lat' dir='ltr'>hortor</span> <span class='ocrx_word' id='word_1_67' title='bbox 776 1702 826 1748; x_wconf 89' lang='lat' dir='ltr'>aos</span> <span class='ocrx_word' id='word_1_68' title='bbox 847 1703 902 1764; x_wconf 91' lang='lat' dir='ltr'>pro</span> <span class='ocrx_word' id='word_1_69' title='bbox 925 1689 1114 1757; x_wconf 80' lang='lat' dir='ltr'>Hectorei,</span> 
     </span>
    </p>
   </div>
   <div class='ocr_carea' id='block_1_5' title="bbox 323 1806 1473 2698">
    <p class='ocr_par' dir='ltr' id='par_1_10' title="bbox 323 1806 1000 1887">
     <span class='ocr_line' id='line_1_14' title="bbox 323 1806 1000 1887; baseline -0.006 -19"><span class='ocrx_word' id='word_1_70' title='bbox 323 1806 402 1887; x_wconf 88' lang='lat' dir='ltr'>apud</span> <span class='ocrx_word' id='word_1_71' title='bbox 424 1811 616 1885; x_wconf 86' lang='lat' dir='ltr'>personatum</span> <span class='ocrx_word' id='word_1_72' title='bbox 775 1855 778 1860; x_wconf 95' lang='lat'><em>.</em></span> <span class='ocrx_word' id='word_1_73' title='bbox 998 1853 1000 1857; x_wconf 94' lang='lat'><em>.</em></span> 
     </span>
    </p>

    <p class='ocr_par' dir='ltr' id='par_1_11' title="bbox 429 1905 1108 1986">
     <span class='ocr_line' id='line_1_15' title="bbox 429 1905 1108 1986; baseline 0.001 -19"><span class='ocrx_word' id='word_1_74' title='bbox 429 1905 482 1967; x_wconf 89' lang='lat' dir='ltr'>ecl.</span> <span class='ocrx_word' id='word_1_75' title='bbox 512 1905 549 1966; x_wconf 91' lang='lat' dir='ltr'>Vl</span> <span class='ocrx_word' id='word_1_76' title='bbox 595 1905 635 1968; x_wconf 89' lang='grc'>15</span> <span class='ocrx_word' id='word_1_77' title='bbox 657 1908 825 1982; x_wconf 80' lang='lat' dir='ltr'>infractum</span> <span class='ocrx_word' id='word_1_78' title='bbox 847 1927 903 1986; x_wconf 91' lang='lat' dir='ltr'>pro</span> <span class='ocrx_word' id='word_1_79' title='bbox 926 1909 1108 1981; x_wconf 75' lang='lat' dir='ltr'>inflatam</span> 
     </span>
    </p>

    <p class='ocr_par' dir='ltr' id='par_1_12' title="bbox 410 2005 1051 2088">
     <span class='ocr_line' id='line_1_16' title="bbox 410 2005 1051 2088; baseline 0.002 -19"><span class='ocrx_word' id='word_1_80' title='bbox 410 2011 483 2070; x_wconf 86' lang='lat' dir='ltr'>Aen.</span> <span class='ocrx_word' id='word_1_81' title='bbox 508 2007 548 2068; x_wconf 89' lang='lat' dir='ltr'>lll</span> <span class='ocrx_word' id='word_1_82' title='bbox 569 2005 633 2070; x_wconf 91' lang='grc'>545</span> <span class='ocrx_word' id='word_1_83' title='bbox 655 2013 782 2070; x_wconf 81' lang='lat' dir='ltr'>celeber</span> <span class='ocrx_word' id='word_1_84' title='bbox 803 2028 859 2088; x_wconf 92' lang='lat' dir='ltr'>pro</span> <span class='ocrx_word' id='word_1_85' title='bbox 882 2013 1051 2070; x_wconf 83' lang='lat' dir='ltr'>velemur</span> 
     </span>
    </p>

    <p class='ocr_par' dir='ltr' id='par_1_13' title="bbox 430 2108 1112 2190">
     <span class='ocr_line' id='line_1_17' title="bbox 430 2108 1112 2190; baseline 0 -20"><span class='ocrx_word' id='word_1_86' title='bbox 430 2143 442 2154; x_wconf 95' lang='lat'>-</span> <span class='ocrx_word' id='word_1_87' title='bbox 519 2109 545 2170; x_wconf 88' lang='lat' dir='ltr'>X</span> <span class='ocrx_word' id='word_1_88' title='bbox 567 2108 631 2172; x_wconf 86' lang='lat'>330</span> <span class='ocrx_word' id='word_1_89' title='bbox 653 2115 815 2172; x_wconf 82' lang='lat' dir='ltr'>consiliant</span> <span class='ocrx_word' id='word_1_90' title='bbox 837 2131 893 2190; x_wconf 88' lang='lat' dir='ltr'>pro</span> <span class='ocrx_word' id='word_1_91' title='bbox 915 2115 1112 2172; x_wconf 83' lang='lat' dir='ltr'>coniciunt</span> 
     </span>
    </p>

    <p class='ocr_par' dir='ltr' id='par_1_14' title="bbox 326 2209 1473 2698">
     <span class='ocr_line' id='line_1_18' title="bbox 412 2209 1469 2292; baseline -0.002 -20"><span class='ocrx_word' id='word_1_92' title='bbox 412 2222 440 2257; x_wconf 82' lang='lat'>&#39;·</span> <span class='ocrx_word' id='word_1_93' title='bbox 505 2212 545 2272; x_wconf 88' lang='lat' dir='ltr'>XI</span> <span class='ocrx_word' id='word_1_94' title='bbox 566 2209 629 2272; x_wconf 91' lang='grc'><strong>416</strong></span> <span class='ocrx_word' id='word_1_95' title='bbox 653 2215 754 2274; x_wconf 84' lang='lat' dir='ltr'>oculos</span> <span class='ocrx_word' id='word_1_96' title='bbox 771 2213 855 2286; x_wconf 74' lang='lat' dir='ltr'>felia</span> <span class='ocrx_word' id='word_1_97' title='bbox 873 2214 1002 2287; x_wconf 82' lang='lat' dir='ltr'>functas</span> <span class='ocrx_word' id='word_1_98' title='bbox 1024 2232 1079 2292; x_wconf 91' lang='lat' dir='ltr'>pro</span> <span class='ocrx_word' id='word_1_99' title='bbox 1103 2215 1201 2273; x_wconf 80' lang='lat' dir='ltr'>alios</span> <span class='ocrx_word' id='word_1_100' title='bbox 1225 2212 1469 2285; x_wconf 83' lang='lat' dir='ltr'>fortunatas,</span> 
     </span>
     <span class='ocr_line' id='line_1_19' title="bbox 330 2295 1473 2394; baseline -0.003 -19"><span class='ocrx_word' id='word_1_101' title='bbox 330 2313 382 2375; x_wconf 92' lang='lat' dir='ltr'>ubi</span> <span class='ocrx_word' id='word_1_102' title='bbox 405 2315 539 2374; x_wconf 83' lang='lat' dir='ltr'>immixto</span> <span class='ocrx_word' id='word_1_103' title='bbox 558 2315 642 2387; x_wconf 78' lang='lat' dir='ltr'>felia</span> <span class='ocrx_word' id='word_1_104' title='bbox 664 2313 843 2392; x_wconf 72' lang='lat' dir='ltr'><strong>glossemate</strong></span> <span class='ocrx_word' id='word_1_105' title='bbox 867 2323 896 2382; x_wconf 85' lang='lat' dir='ltr'>et</span> <span class='ocrx_word' id='word_1_106' title='bbox 919 2315 1103 2394; x_wconf 84' lang='lat' dir='ltr'>compendiis</span> <span class='ocrx_word' id='word_1_107' title='bbox 1118 2312 1195 2373; x_wconf 89' lang='lat' dir='ltr'>male</span> <span class='ocrx_word' id='word_1_108' title='bbox 1209 2295 1368 2374; x_wconf 84' lang='lat' dir='ltr'>intellectis</span> <span class='ocrx_word' id='word_1_109' title='bbox 1384 2311 1473 2372; x_wconf 91' lang='lat' dir='ltr'>verba</span> 
     </span>
     <span class='ocr_line' id='line_1_20' title="bbox 328 2414 1472 2496; baseline 0 -22"><span class='ocrx_word' id='word_1_110' title='bbox 328 2424 467 2495; x_wconf 89' lang='lat' dir='ltr'>corrupta</span> <span class='ocrx_word' id='word_1_111' title='bbox 498 2423 576 2477; x_wconf 91' lang='lat' dir='ltr'>sunt.</span> <span class='ocrx_word' id='word_1_112' title='bbox 602 2415 733 2478; x_wconf 45' lang='lat' dir='ltr'>*Eadem</span> <span class='ocrx_word' id='word_1_113' title='bbox 765 2417 1006 2496; x_wconf 73' lang='lat' dir='ltr'>interpolatione,</span> <span class='ocrx_word' id='word_1_114' title='bbox 1037 2433 1113 2493; x_wconf 90' lang='lat' dir='ltr'>quae</span> <span class='ocrx_word' id='word_1_115' title='bbox 1141 2417 1173 2475; x_wconf 93' lang='lat' dir='ltr'>in</span> <span class='ocrx_word' id='word_1_116' title='bbox 1200 2414 1325 2475; x_wconf 82' lang='lat' dir='ltr'>Palatini</span> <span class='ocrx_word' id='word_1_117' title='bbox 1353 2431 1472 2475; x_wconf 90' lang='lat' dir='ltr'>manum</span> 
     </span>
     <span class='ocr_line' id='line_1_21' title="bbox 328 2515 1473 2597; baseline -0.003 -19"><span class='ocrx_word' id='word_1_118' title='bbox 328 2519 463 2597; x_wconf 85' lang='lat' dir='ltr'>priorem</span> <span class='ocrx_word' id='word_1_119' title='bbox 491 2519 622 2597; x_wconf 87' lang='lat' dir='ltr'>irrepsit,</span> <span class='ocrx_word' id='word_1_120' title='bbox 646 2519 717 2579; x_wconf 82' lang='lat' dir='ltr'>Aen.</span> <span class='ocrx_word' id='word_1_121' title='bbox 742 2515 867 2580; x_wconf 89' lang='grc'><strong>111545</strong></span> <span class='ocrx_word' id='word_1_122' title='bbox 893 2523 995 2595; x_wconf 80' lang='lat' dir='ltr'>eapite</span> <span class='ocrx_word' id='word_1_123' title='bbox 1021 2519 1132 2578; x_wconf 90' lang='lat' dir='ltr'>iactum</span> <span class='ocrx_word' id='word_1_124' title='bbox 1156 2535 1192 2578; x_wconf 83' lang='lat' dir='ltr'>ex</span> <span class='ocrx_word' id='word_1_125' title='bbox 1219 2520 1362 2594; x_wconf 79' lang='lat' dir='ltr'>cupita,</span> <span class='ocrx_word' id='word_1_126' title='bbox 1396 2515 1473 2594; x_wconf 88' lang='lat' dir='ltr'>quod</span> 
     </span>
     <span class='ocr_line' id='line_1_22' title="bbox 326 2619 896 2698; baseline -0.002 -19"><span class='ocrx_word' id='word_1_127' title='bbox 326 2621 425 2698; x_wconf 93' lang='lat' dir='ltr'>ipsum</span> <span class='ocrx_word' id='word_1_128' title='bbox 449 2619 553 2680; x_wconf 89' lang='lat' dir='ltr'>rhetor</span> <span class='ocrx_word' id='word_1_129' title='bbox 576 2619 738 2697; x_wconf 80' lang='lat' dir='ltr'>selegisse</span> <span class='ocrx_word' id='word_1_130' title='bbox 762 2627 896 2680; x_wconf 89' lang='lat' dir='ltr'>testatur.</span> 
     </span>
    </p>
   </div>
   <div class='ocr_carea' id='block_1_6' title="bbox 321 2753 1473 4036">
    <p class='ocr_par' dir='ltr' id='par_1_15' title="bbox 321 2753 1473 4036">
     <span class='ocr_line' id='line_1_23' title="bbox 410 2753 1471 2835; baseline -0.005 -18"><span class='ocrx_word' id='word_1_131' title='bbox 410 2757 508 2817; x_wconf 91' lang='lat' dir='ltr'>Unum</span> <span class='ocrx_word' id='word_1_132' title='bbox 525 2756 696 2816; x_wconf 73' lang='lat' dir='ltr'>Arusianus</span> <span class='ocrx_word' id='word_1_133' title='bbox 710 2757 828 2817; x_wconf 79' lang='lat' dir='ltr'>Messes</span> <span class='ocrx_word' id='word_1_134' title='bbox 849 2757 948 2816; x_wconf 87' lang='lat' dir='ltr'>verius</span> <span class='ocrx_word' id='word_1_135' title='bbox 972 2755 1103 2824; x_wconf 86' lang='lat' dir='ltr'>tradidit,</span> <span class='ocrx_word' id='word_1_136' title='bbox 1127 2756 1205 2835; x_wconf 90' lang='lat' dir='ltr'>quod</span> <span class='ocrx_word' id='word_1_137' title='bbox 1229 2753 1348 2815; x_wconf 90' lang='lat' dir='ltr'>aliunde</span> <span class='ocrx_word' id='word_1_138' title='bbox 1370 2760 1471 2813; x_wconf 91' lang='lat' dir='ltr'>uotum</span> 
     </span>
     <span class='ocr_line' id='line_1_24' title="bbox 326 2853 1471 2934; baseline -0.004 -16"><span class='ocrx_word' id='word_1_139' title='bbox 326 2875 387 2918; x_wconf 93' lang='lat' dir='ltr'>non</span> <span class='ocrx_word' id='word_1_140' title='bbox 411 2864 500 2931; x_wconf 89' lang='lat' dir='ltr'>esset,</span> <span class='ocrx_word' id='word_1_141' title='bbox 531 2855 644 2918; x_wconf 88' lang='lat' dir='ltr'>scilieet</span> <span class='ocrx_word' id='word_1_142' title='bbox 666 2874 711 2934; x_wconf 88' lang='lat' dir='ltr'>ge.</span> <span class='ocrx_word' id='word_1_143' title='bbox 737 2853 899 2919; x_wconf 75' lang='grc' dir='ltr'><strong>1541ῑί1</strong></span> <span class='ocrx_word' id='word_1_144' title='bbox 925 2857 1097 2918; x_wconf 87' lang='lat' dir='ltr'>adverbium</span> <span class='ocrx_word' id='word_1_145' title='bbox 1126 2859 1156 2916; x_wconf 92' lang='lat' dir='ltr'>in</span> <span class='ocrx_word' id='word_1_146' title='bbox 1179 2858 1290 2918; x_wconf 90' lang='lat' dir='ltr'>nostris</span> <span class='ocrx_word' id='word_1_147' title='bbox 1319 2854 1471 2918; x_wconf 85' lang='lat' dir='ltr'>codicibus</span> 
     </span>
     <span class='ocr_line' id='line_1_25' title="bbox 321 2957 1471 3038; baseline -0.003 -18"><span class='ocrx_word' id='word_1_148' title='bbox 321 2959 441 3038; x_wconf 59' lang='lat' dir='ltr'>‘eadgari</span> <span class='ocrx_word' id='word_1_149' title='bbox 463 2960 560 3019; x_wconf 89' lang='lat' dir='ltr'>lorma</span> <span class='ocrx_word' id='word_1_150' title='bbox 583 2957 795 3018; x_wconf 89' lang='lat' dir='ltr'>oblitteratum.</span> <span class='ocrx_word' id='word_1_151' title='bbox 841 2959 947 3020; x_wconf 90' lang='lat' dir='ltr'>Paucis</span> <span class='ocrx_word' id='word_1_152' title='bbox 969 2965 1126 3037; x_wconf 87' lang='lat' dir='ltr'>praeterea</span> <span class='ocrx_word' id='word_1_153' title='bbox 1150 2957 1233 3028; x_wconf 89' lang='lat' dir='ltr'>locis,</span> <span class='ocrx_word' id='word_1_154' title='bbox 1257 2959 1310 3020; x_wconf 92' lang='lat' dir='ltr'>ubi</span> <span class='ocrx_word' id='word_1_155' title='bbox 1325 2957 1471 3037; x_wconf 88' lang='lat' dir='ltr'>duplicem</span> 
     </span>
     <span class='ocr_line' id='line_1_26' title="bbox 325 3058 1471 3141; baseline -0.003 -20"><span class='ocrx_word' id='word_1_156' title='bbox 325 3060 503 3141; x_wconf 87' lang='lat' dir='ltr'>exemplaria</span> <span class='ocrx_word' id='word_1_157' title='bbox 527 3068 630 3120; x_wconf 90' lang='lat' dir='ltr'>nostra</span> <span class='ocrx_word' id='word_1_158' title='bbox 653 3058 811 3120; x_wconf 89' lang='lat' dir='ltr'>lectionem</span> <span class='ocrx_word' id='word_1_159' title='bbox 834 3060 991 3139; x_wconf 88' lang='lat' dir='ltr'>praebent,</span> <span class='ocrx_word' id='word_1_160' title='bbox 1014 3063 1208 3138; x_wconf 80' lang='lat' dir='ltr'>integriorem</span> <span class='ocrx_word' id='word_1_161' title='bbox 1233 3079 1287 3121; x_wconf 91' lang='lat' dir='ltr'>suo</span> <span class='ocrx_word' id='word_1_162' title='bbox 1302 3060 1471 3120; x_wconf 90' lang='lat' dir='ltr'>testimonio</span> 
     </span>
     <span class='ocr_line' id='line_1_27' title="bbox 324 3157 1473 3244; baseline -0.004 -20"><span class='ocrx_word' id='word_1_163' title='bbox 324 3163 400 3224; x_wconf 91' lang='lat' dir='ltr'>bene</span> <span class='ocrx_word' id='word_1_164' title='bbox 424 3163 622 3224; x_wconf 84' lang='lat' dir='ltr'>confirmavit:</span> <span class='ocrx_word' id='word_1_165' title='bbox 647 3180 714 3222; x_wconf 92' lang='lat' dir='ltr'>nam</span> <span class='ocrx_word' id='word_1_166' title='bbox 739 3162 869 3224; x_wconf 90' lang='lat' dir='ltr'>dativum</span> <span class='ocrx_word' id='word_1_167' title='bbox 892 3166 998 3223; x_wconf 77' lang='lat' dir='ltr'>silici</span> <span class='ocrx_word' id='word_1_168' title='bbox 1018 3181 1086 3224; x_wconf 91' lang='lat' dir='ltr'>cum</span> <span class='ocrx_word' id='word_1_169' title='bbox 1113 3163 1196 3244; x_wconf 76' lang='lat' dir='ltr'>MBy</span> <span class='ocrx_word' id='word_1_170' title='bbox 1219 3180 1255 3222; x_wconf 86' lang='lat' dir='ltr'>ex</span> <span class='ocrx_word' id='word_1_171' title='bbox 1278 3163 1351 3224; x_wconf 78' lang='lat' dir='ltr'>Aen.</span> <span class='ocrx_word' id='word_1_172' title='bbox 1376 3161 1388 3221; x_wconf 92' lang='lat'><em>1</em></span> <span class='ocrx_word' id='word_1_173' title='bbox 1414 3157 1473 3222; x_wconf 77' lang='lat'>174</span> 
     </span>
     <span class='ocr_line' id='line_1_28' title="bbox 324 3260 1473 3343; baseline -0.004 -18"><span class='ocrx_word' id='word_1_174' title='bbox 324 3265 482 3343; x_wconf 83' lang='lat' dir='ltr'>excerpsit,</span> <span class='ocrx_word' id='word_1_175' title='bbox 507 3282 567 3323; x_wconf 95' lang='lat' dir='ltr'>non</span> <span class='ocrx_word' id='word_1_176' title='bbox 588 3265 758 3340; x_wconf 78' lang='lat' dir='ltr'>genetivum</span> <span class='ocrx_word' id='word_1_177' title='bbox 781 3267 887 3332; x_wconf 64' lang='lat' dir='ltr'>sillaim</span> <span class='ocrx_word' id='word_1_178' title='bbox 917 3272 947 3324; x_wconf 90' lang='lat' dir='ltr'>et</span> <span class='ocrx_word' id='word_1_179' title='bbox 968 3273 1040 3326; x_wconf 87' lang='lat' dir='ltr'>Aen.</span> <span class='ocrx_word' id='word_1_180' title='bbox 1063 3264 1117 3325; x_wconf 90' lang='lat' dir='ltr'>Xll</span> <span class='ocrx_word' id='word_1_181' title='bbox 1140 3260 1202 3324; x_wconf 90' lang='grc'>865</span> <span class='ocrx_word' id='word_1_182' title='bbox 1225 3265 1284 3324; x_wconf 75' lang='lat' dir='ltr'>‘ob</span> <span class='ocrx_word' id='word_1_183' title='bbox 1306 3266 1379 3323; x_wconf 89' lang='lat' dir='ltr'>ora&#39;</span> <span class='ocrx_word' id='word_1_184' title='bbox 1403 3261 1473 3339; x_wconf 81' lang='lat' dir='ltr'>legit</span> 
     </span>
     <span class='ocr_line' id='line_1_29' title="bbox 323 3361 1472 3444; baseline -0.004 -18"><span class='ocrx_word' id='word_1_185' title='bbox 323 3375 356 3426; x_wconf 92' lang='lat' dir='ltr'>ut</span> <span class='ocrx_word' id='word_1_186' title='bbox 372 3367 492 3426; x_wconf 86' lang='lat' dir='ltr'>Servius</span> <span class='ocrx_word' id='word_1_187' title='bbox 514 3372 606 3444; x_wconf 89' lang='lat' dir='ltr'>utque</span> <span class='ocrx_word' id='word_1_188' title='bbox 629 3366 658 3423; x_wconf 95' lang='lat' dir='ltr'>in</span> <span class='ocrx_word' id='word_1_189' title='bbox 675 3365 721 3424; x_wconf 82' lang='lat' dir='ltr'>Bb</span> <span class='ocrx_word' id='word_1_190' title='bbox 746 3373 824 3426; x_wconf 85' lang='lat' dir='ltr'>extat</span> <span class='ocrx_word' id='word_1_191' title='bbox 847 3373 876 3426; x_wconf 89' lang='lat' dir='ltr'>et</span> <span class='ocrx_word' id='word_1_192' title='bbox 897 3368 927 3426; x_wconf 96' lang='lat' dir='ltr'>in</span> <span class='ocrx_word' id='word_1_193' title='bbox 944 3366 1068 3426; x_wconf 87' lang='lat' dir='ltr'>Medicei</span> <span class='ocrx_word' id='word_1_194' title='bbox 1091 3365 1253 3444; x_wconf 82' lang='lat' dir='ltr'>archetypo</span> <span class='ocrx_word' id='word_1_195' title='bbox 1277 3363 1371 3424; x_wconf 87' lang='lat' dir='ltr'>luisse</span> <span class='ocrx_word' id='word_1_196' title='bbox 1394 3361 1472 3422; x_wconf 90' lang='lat' dir='ltr'>vide-</span> 
     </span>
     <span class='ocr_line' id='line_1_30' title="bbox 323 3463 1473 3544; baseline -0.003 -15"><span class='ocrx_word' id='word_1_197' title='bbox 323 3477 381 3529; x_wconf 89' lang='lat' dir='ltr'>tur.</span> <span class='ocrx_word' id='word_1_198' title='bbox 427 3467 486 3528; x_wconf 89' lang='lat' dir='ltr'>Sed</span> <span class='ocrx_word' id='word_1_199' title='bbox 507 3465 622 3526; x_wconf 90' lang='lat' dir='ltr'>nollem</span> <span class='ocrx_word' id='word_1_200' title='bbox 645 3468 896 3544; x_wconf 85' lang='lat' dir='ltr'>praeoptavissem</span> <span class='ocrx_word' id='word_1_201' title='bbox 927 3467 1005 3543; x_wconf 86' lang='lat' dir='ltr'>quod</span> <span class='ocrx_word' id='word_1_202' title='bbox 1034 3475 1159 3528; x_wconf 89' lang='lat' dir='ltr'>testatur</span> <span class='ocrx_word' id='word_1_203' title='bbox 1181 3470 1254 3528; x_wconf 85' lang='lat' dir='ltr'>Aen.</span> <span class='ocrx_word' id='word_1_204' title='bbox 1280 3466 1332 3526; x_wconf 90' lang='lat' dir='ltr'>Xll</span> <span class='ocrx_word' id='word_1_205' title='bbox 1356 3463 1396 3526; x_wconf 79' lang='lat'>92</span> <span class='ocrx_word' id='word_1_206' title='bbox 1424 3482 1473 3526; x_wconf 90' lang='lat' dir='ltr'>co·</span> 
     </span>
     <span class='ocr_line' id='line_1_31' title="bbox 323 3566 1472 3648; baseline -0.004 -18"><span class='ocrx_word' id='word_1_207' title='bbox 323 3573 435 3638; x_wconf 83' lang='lat' dir='ltr'>tumne,</span> <span class='ocrx_word' id='word_1_208' title='bbox 459 3576 492 3628; x_wconf 93' lang='lat' dir='ltr'>ut</span> <span class='ocrx_word' id='word_1_209' title='bbox 513 3566 626 3628; x_wconf 92' lang='lat' dir='ltr'>habent</span> <span class='ocrx_word' id='word_1_210' title='bbox 648 3569 733 3644; x_wconf 81' lang='lat' dir='ltr'>yble,</span> <span class='ocrx_word' id='word_1_211' title='bbox 757 3585 828 3644; x_wconf 88' lang='lat' dir='ltr'>prae</span> <span class='ocrx_word' id='word_1_212' title='bbox 851 3570 1052 3648; x_wconf 86' lang='lat' dir='ltr'>antiquiorum</span> <span class='ocrx_word' id='word_1_213' title='bbox 1074 3568 1218 3630; x_wconf 92' lang='lat' dir='ltr'>librorum</span> <span class='ocrx_word' id='word_1_214' title='bbox 1236 3569 1299 3628; x_wconf 80' lang='lat' dir='ltr'>MR</span> <span class='ocrx_word' id='word_1_215' title='bbox 1322 3570 1472 3646; x_wconf 88' lang='lat' dir='ltr'>scriptura</span> 
     </span>
     <span class='ocr_line' id='line_1_32' title="bbox 325 3669 1473 3748; baseline -0.003 -16"><span class='ocrx_word' id='word_1_216' title='bbox 325 3674 495 3732; x_wconf 83' lang='lat' dir='ltr'>columnae.</span> <span class='ocrx_word' id='word_1_217' title='bbox 546 3669 639 3729; x_wconf 85' lang='lat' dir='ltr'>Recte</span> <span class='ocrx_word' id='word_1_218' title='bbox 667 3677 823 3746; x_wconf 87' lang='lat' dir='ltr'>praeterea</span> <span class='ocrx_word' id='word_1_219' title='bbox 845 3671 923 3748; x_wconf 90' lang='lat' dir='ltr'>apud</span> <span class='ocrx_word' id='word_1_220' title='bbox 948 3690 1014 3732; x_wconf 89' lang='lat' dir='ltr'>eum</span> <span class='ocrx_word' id='word_1_221' title='bbox 1039 3677 1071 3732; x_wconf 92' lang='lat' dir='ltr'>ut</span> <span class='ocrx_word' id='word_1_222' title='bbox 1091 3672 1122 3730; x_wconf 92' lang='lat' dir='ltr'>in</span> <span class='ocrx_word' id='word_1_223' title='bbox 1145 3671 1211 3730; x_wconf 75' lang='lat' dir='ltr'>Pb?</span> <span class='ocrx_word' id='word_1_224' title='bbox 1238 3673 1339 3730; x_wconf 80' lang='lat' dir='ltr'>ar&#39;ca&#39;s</span> <span class='ocrx_word' id='word_1_225' title='bbox 1366 3669 1473 3748; x_wconf 78' lang='lat' dir='ltr'>legitur</span> 
     </span>
     <span class='ocr_line' id='line_1_33' title="bbox 324 3767 1473 3850; baseline -0.003 -18"><span class='ocrx_word' id='word_1_226' title='bbox 324 3792 371 3850; x_wconf 85' lang='lat' dir='ltr'>ge.</span> <span class='ocrx_word' id='word_1_227' title='bbox 388 3767 527 3832; x_wconf 81' lang='lat'>1111125.</span> <span class='ocrx_word' id='word_1_228' title='bbox 564 3769 671 3831; x_wconf 89' lang='lat' dir='ltr'>Dubito</span> <span class='ocrx_word' id='word_1_229' title='bbox 690 3789 770 3834; x_wconf 86' lang='lat' dir='ltr'>nune</span> <span class='ocrx_word' id='word_1_230' title='bbox 787 3791 858 3832; x_wconf 91' lang='lat' dir='ltr'>uum</span> <span class='ocrx_word' id='word_1_231' title='bbox 879 3779 960 3833; x_wconf 91' lang='lat' dir='ltr'>recte</span> <span class='ocrx_word' id='word_1_232' title='bbox 971 3777 1043 3834; x_wconf 84' lang='lat' dir='ltr'>Aen.</span> <span class='ocrx_word' id='word_1_233' title='bbox 1062 3772 1111 3832; x_wconf 91' lang='lat' dir='ltr'>Vll</span> <span class='ocrx_word' id='word_1_234' title='bbox 1123 3768 1187 3832; x_wconf 89' lang='grc'>416</span> <span class='ocrx_word' id='word_1_235' title='bbox 1204 3771 1283 3850; x_wconf 89' lang='lat' dir='ltr'>quod</span> <span class='ocrx_word' id='word_1_236' title='bbox 1296 3779 1398 3833; x_wconf 85' lang='lat' dir='ltr'>textus</span> <span class='ocrx_word' id='word_1_237' title='bbox 1411 3773 1473 3830; x_wconf 89' lang='lat' dir='ltr'>eius</span> 
     </span>
     <span class='ocr_line' id='line_1_34' title="bbox 324 3871 1473 3953; baseline -0.001 -21"><span class='ocrx_word' id='word_1_238' title='bbox 324 3872 449 3953; x_wconf 91' lang='lat' dir='ltr'>praebet</span> <span class='ocrx_word' id='word_1_239' title='bbox 470 3875 567 3934; x_wconf 84' lang='lat' dir='ltr'>cultus</span> <span class='ocrx_word' id='word_1_240' title='bbox 590 3871 782 3950; x_wconf 86' lang='lat' dir='ltr'>praetulerim</span> <span class='ocrx_word' id='word_1_241' title='bbox 805 3873 951 3936; x_wconf 87' lang='lat' dir='ltr'>librorum</span> <span class='ocrx_word' id='word_1_242' title='bbox 974 3876 1141 3953; x_wconf 88' lang='lat' dir='ltr'>scripturae</span> <span class='ocrx_word' id='word_1_243' title='bbox 1169 3872 1297 3952; x_wconf 88' lang='lat' dir='ltr'>simplici</span> <span class='ocrx_word' id='word_1_244' title='bbox 1323 3881 1353 3933; x_wconf 89' lang='lat' dir='ltr'>et</span> <span class='ocrx_word' id='word_1_245' title='bbox 1378 3873 1473 3934; x_wconf 89' lang='lat' dir='ltr'>bonae</span> 
     </span>
     <span class='ocr_line' id='line_1_35' title="bbox 325 3977 459 4036; baseline -0.007 0"><span class='ocrx_word' id='word_1_246' title='bbox 325 3977 459 4036; x_wconf 80' lang='lat' dir='ltr'>vultus.</span> 
     </span>
    </p>
   </div>
   <div class='ocr_carea' id='block_1_7' title="bbox 324 4097 1532 4498">
    <p class='ocr_par' dir='ltr' id='par_1_16' title="bbox 324 4097 1532 4498">
     <span class='ocr_line' id='line_1_36' title="bbox 410 4097 1474 4191; baseline 0 -20"><span class='ocrx_word' id='word_1_247' title='bbox 410 4110 469 4171; x_wconf 87' lang='lat' dir='ltr'>Sed</span> <span class='ocrx_word' id='word_1_248' title='bbox 491 4109 571 4170; x_wconf 88' lang='lat' dir='ltr'>idem</span> <span class='ocrx_word' id='word_1_249' title='bbox 593 4113 756 4172; x_wconf 85' lang='lat' dir='ltr'>correctori</span> <span class='ocrx_word' id='word_1_250' title='bbox 779 4111 906 4173; x_wconf 88' lang='lat' dir='ltr'>credidit</span> <span class='ocrx_word' id='word_1_251' title='bbox 929 4119 1039 4172; x_wconf 88' lang='lat' dir='ltr'>testans</span> <span class='ocrx_word' id='word_1_252' title='bbox 1060 4113 1133 4173; x_wconf 79' lang='lat' dir='ltr'>Aen.</span> <span class='ocrx_word' id='word_1_253' title='bbox 1150 4109 1358 4174; x_wconf 71' lang='lat' dir='ltr'>nosocomo</span> <span class='ocrx_word' id='word_1_254' title='bbox 1381 4097 1474 4191; x_wconf 87' lang='lat' dir='ltr'>serip-</span> 
     </span>
     <span class='ocr_line' id='line_1_37' title="bbox 326 4212 1475 4292; baseline 0.002 -20"><span class='ocrx_word' id='word_1_255' title='bbox 326 4220 389 4272; x_wconf 89' lang='lat' dir='ltr'>tum</span> <span class='ocrx_word' id='word_1_256' title='bbox 414 4231 490 4282; x_wconf 89' lang='lat' dir='ltr'>esse,</span> <span class='ocrx_word' id='word_1_257' title='bbox 515 4212 753 4292; x_wconf 85' lang='lat' dir='ltr'>quodsollemni</span> <span class='ocrx_word' id='word_1_258' title='bbox 768 4216 832 4274; x_wconf 89' lang='lat' dir='ltr'>iere</span> <span class='ocrx_word' id='word_1_259' title='bbox 847 4214 966 4274; x_wconf 89' lang='lat' dir='ltr'>licentia</span> <span class='ocrx_word' id='word_1_260' title='bbox 982 4215 1017 4274; x_wconf 94' lang='lat' dir='ltr'>in</span> <span class='ocrx_word' id='word_1_261' title='bbox 1028 4213 1181 4274; x_wconf 90' lang='lat' dir='ltr'>codicibus</span> <span class='ocrx_word' id='word_1_262' title='bbox 1204 4234 1240 4276; x_wconf 86' lang='lat' dir='ltr'>ex</span> <span class='ocrx_word' id='word_1_263' title='bbox 1262 4216 1361 4276; x_wconf 78' lang='lat' dir='ltr'>hami</span> <span class='ocrx_word' id='word_1_264' title='bbox 1381 4216 1475 4275; x_wconf 81' lang='lat' dir='ltr'>torma</span> 
     </span>
     <span class='ocr_line' id='line_1_38' title="bbox 327 4313 1532 4396; baseline 0.001 -21"><span class='ocrx_word' id='word_1_265' title='bbox 327 4313 478 4375; x_wconf 89' lang='lat' dir='ltr'>tironibus</span> <span class='ocrx_word' id='word_1_266' title='bbox 500 4316 601 4376; x_wconf 90' lang='lat' dir='ltr'>minus</span> <span class='ocrx_word' id='word_1_267' title='bbox 621 4314 701 4376; x_wconf 83' lang='lat' dir='ltr'>sacili</span> <span class='ocrx_word' id='word_1_268' title='bbox 724 4317 832 4376; x_wconf 91' lang='lat' dir='ltr'>mutari</span> <span class='ocrx_word' id='word_1_269' title='bbox 860 4313 944 4375; x_wconf 88' lang='lat' dir='ltr'>solet.</span> <span class='ocrx_word' id='word_1_270' title='bbox 994 4315 1162 4378; x_wconf 71' lang='lat' dir='ltr'>Absurdum</span> <span class='ocrx_word' id='word_1_271' title='bbox 1191 4334 1225 4376; x_wconf 90' lang='lat' dir='ltr'>ac</span> <span class='ocrx_word' id='word_1_272' title='bbox 1252 4315 1366 4396; x_wconf 89' lang='lat' dir='ltr'>puerile</span> <span class='ocrx_word' id='word_1_273' title='bbox 1395 4316 1477 4396; x_wconf 91' lang='lat' dir='ltr'>quod</span> <span class='ocrx_word' id='word_1_274' title='bbox 1526 4339 1532 4358; x_wconf 83' lang='lat'><strong>·</strong></span> 
     </span>
     <span class='ocr_line' id='line_1_39' title="bbox 324 4412 1477 4498; baseline 0 -16"><span class='ocrx_word' id='word_1_275' title='bbox 324 4417 396 4482; x_wconf 74' lang='lat' dir='ltr'>Aen.</span> <span class='ocrx_word' id='word_1_276' title='bbox 421 4415 472 4478; x_wconf 90' lang='lat' dir='ltr'>Vll</span> <span class='ocrx_word' id='word_1_277' title='bbox 495 4412 557 4478; x_wconf 78' lang='lat'>623</span> <span class='ocrx_word' id='word_1_278' title='bbox 581 4417 685 4478; x_wconf 81' lang='lat' dir='ltr'>‘ardet</span> <span class='ocrx_word' id='word_1_279' title='bbox 708 4420 892 4480; x_wconf 72' lang='lat' dir='ltr'>lacessitam</span> <span class='ocrx_word' id='word_1_280' title='bbox 915 4417 1097 4480; x_wconf 78' lang='lat' dir='ltr'>Ausoniem&#39;</span> <span class='ocrx_word' id='word_1_281' title='bbox 1122 4424 1222 4480; x_wconf 87' lang='lat' dir='ltr'>extare</span> <span class='ocrx_word' id='word_1_282' title='bbox 1244 4425 1362 4490; x_wconf 89' lang='lat' dir='ltr'>narrat,</span> <span class='ocrx_word' id='word_1_283' title='bbox 1393 4437 1477 4498; x_wconf 83' lang='lat' dir='ltr'>cum·</span> 
     </span>
    </p>
   </div>
   <div class='ocr_carea' id='block_1_8' title="bbox 0 0 1620 5046">
    <p class='ocr_par' dir='ltr' id='par_1_17' title="bbox 0 0 1620 5046">
     <span class='ocr_line' id='line_1_40' title="bbox 0 0 1620 5046; baseline 0 1"><span class='ocrx_word' id='word_1_284' title='bbox 0 0 1620 5046; x_wconf 95' lang='lat' dir='ltr'> </span> 
     </span>
    </p>
   </div>
  </div>
 </body>
</html>
