3276 5050
619 407 865 453 enonnoonuun.
1275 387 1317 452 69

255 580 320 640 Non
342 577 512 639 absolutum
535 597 551 639 a
580 583 667 657 poeta
694 579 859 640 secundum
887 576 997 639 librum
1027 596 1095 640 esse
1123 596 1192 640 cum
1221 579 1316 640 bemi-

168 682 274 742 sticbin
303 680 407 742 decem
443 677 503 761 (66.
530 677 603 742 233.
632 675 705 741 346.
733 676 806 741 468.
834 675 907 740 614.
935 676 1008 741 623.
1038 676 1111 741 640.
1142 679 1212 742 720.
1243 678 1315 743 767.

166 780 238 861 787)
262 789 327 842 tum
349 782 490 843 deficiens
512 789 580 862 post
602 800 627 843 v.
652 777 714 844 566
737 783 867 843 narratio
896 782 997 852 docet,
1028 782 1164 862 suppleta
1186 783 1251 854 illa,
1282 791 1316 846 ut

164 885 244 945 inira
277 868 504 955 demonstrabo,
537 885 573 945 ab
602 884 818 964 interpolatore
845 901 890 944 vv.
920 880 1099 946 noi-588.
1146 885 1313 956 Sociorum,

166 1005 242 1065 quos
264 1006 307 1046 vv.
323 983 492 1049 339-346
508 987 677 1057 nominavit,
702 987 812 1065 agmini
834 986 962 1048 fortasse
985 993 1104 1066 praeter
1127 985 1201 1049 alios
1225 989 1315 1050 etiam

165 1088 294 1168 Iphitum
318 1097 347 1150 et
368 1089 480 1159 Pelian,
505 1107 635 1169 quorum
657 1089 806 1168 inprovisa
829 1105 855 1148 v.
879 1084 943 1151 435
965 1090 1078 1150 mentio
1101 1089 1148 1159 nt,
1173 1089 1314 1152 adnume-

165 1197 289 1253 raturus
312 1197 384 1262 erat,
409 1197 442 1252 ut
464 1193 630 1272 suspicatur
653 1189 787 1252 Conrads
809 1207 837 1269 p.
855 1189 942 1251 XVll.
979 1190 1141 1252 Praeterea
1163 1211 1223 1253 non
1246 1191 1314 1272 plus

167 1301 229 1370 tres
244 1313 350 1356 versus
366 1291 415 1356 76.
440 1289 503 1355 749
526 1299 556 1352 et
578 1290 640 1355 775
663 1293 782 1373 spurios
805 1291 910 1352 habeo.
955 1293 1191 1373 Dittographiam
1216 1301 1314 1356 tamen

168 1415 310 1458 versuum
331 1392 373 1458 46
389 1413 433 1472 sq.
458 1413 578 1457 versum
593 1391 636 1457 45
658 1396 779 1474 signavi.
818 1393 959 1457 Namaut
981 1394 1089 1456 inclusi
1113 1404 1198 1458 erant
1212 1397 1314 1458 Achivi

166 1498 277 1560 nullam
301 1497 388 1560 aliam
410 1497 448 1559 ob
471 1515 589 1558 causam
611 1499 668 1558 nisi
697 1503 730 1557 ut
752 1496 839 1558 ‘urbi
861 1496 992 1577 desuper
1015 1500 1167 1559 venirent’
1198 1507 1256 1568 aut,
1288 1501 1314 1560 si

166 1621 226 1661 non
249 1601 355 1661 inclusi
378 1606 472 1670 erant,
495 1618 583 1660 nemo
605 1601 702 1659 inerat
724 1599 775 1678 qui
798 1598 903 1660 domos
925 1600 1075 1678 inspicere
1090 1609 1200 1680 posset.
1232 1601 1311 1679 Ergo

165 1705 244 1764 intra
266 1721 378 1772 muros,
408 1709 441 1763 ut
462 1703 556 1764 suasit
578 1700 773 1781 Thymoetes,
803 1701 892 1762 ducta
914 1700 985 1762 belli
1008 1701 1145 1764 machina
1167 1705 1193 1763 si
1215 1703 1310 1763 homi·

166 1804 256 1866 nibus
278 1805 418 1866 destituta
442 1811 536 1874 esset,
567 1810 649 1864 certe
672 1823 707 1864 eo
730 1802 829 1873 modo,
854 1822 943 1883 quem
965 1803 1104 1866 Laocoon
1128 1805 1310 1883 significavit,

168 1926 278 1968 nocere
294 1908 432 1969 Troianis
447 1926 507 1968 non
530 1911 655 1984 poterat.
704 1906 815 1966 Incerti
838 1911 936 1966 autem
960 1907 1086 1986 periculi
1109 1909 1191 1968 notio
1213 1907 1313 1970 verbis

165 2013 234 2070 ‘aut
256 2009 360 2089 aliquis
383 2009 455 2070 latet
477 2013 581 2070 error’
610 2028 637 2069 v.
659 2005 701 2068 48
725 2009 904 2069 continetur.
949 2009 1057 2070 Contra
1085 2011 1219 2088 paenitet
1247 2011 1311 2071 lere

167 2113 246 2189 quod
269 2119 336 2192 post
359 2130 385 2172 v.
407 2107 606 2174 toletanam
629 2109 755 2172 indicavi
777 2117 876 2170 motus
897 2112 989 2172 trium
1012 2111 1227 2173 sententiarum
1250 2114 1310 2172 sin·

166 2215 243 2293 gulis
265 2215 400 2276 versibus
424 2213 477 2296 (vv.
500 2209 636 2293 24-26)
660 2219 832 2274 coactarum
854 2211 979 2292 abrupta
1004 2213 1127 2290 quadam
1151 2213 1310 2276 brevitate:

166 2317 217 2376 sed
240 2317 277 2378 ad
299 2335 401 2378 rerum
423 2317 624 2394 integritatem
647 2315 720 2376 nihil
736 2314 932 2376 desideratur.
963 2314 1106 2377 Tibicinis
1127 2315 1192 2378 loco
1214 2318 1310 2396 posita

167 2421 304 2499 suspicor
327 2437 352 2479 v.
375 2415 440 2480 360
462 2423 538 2479 ‘nox
567 2426 629 2478 atra
660 2436 729 2479 cava
758 2415 950 2484 circumvolat
979 2417 1117 2489 umbra',
1148 2435 1223 2495 quae
1252 2415 1311 2479 nisi

167 2523 268 2584 versui
291 2520 437 2601 explendo
459 2519 542 2581 nullo
564 2519 703 2581 videntur
725 2518 849 2580 consilio
873 2518 971 2580 addita
988 2539 1062 2580 esse.
1095 2521 1229 2600 Denique
1245 2539 1309 2581 ver-

169 2643 253 2686 suum
269 2621 333 2685 383
349 2631 379 2686 et
392 2621 456 2685 409
478 2622 703 2684 similitudinem
724 2623 754 2682 in
778 2620 927 2701 perpolito
951 2629 1087 2700 poemate
1109 2641 1170 2682 non
1186 2622 1309 2684 relictu-

166 2745 231 2788 rum
254 2727 346 2787 luisse
368 2725 529 2804 Vergilium
552 2726 719 2804 suspicatus
741 2743 815 2784 snm.

249 2828 400 2906 integrum
421 2829 513 2906 igitur
536 2827 646 2890 librum
670 2826 842 2896 secundum,
866 2827 892 2886 si
913 2831 996 2886 recte
1018 2826 1055 2886 de
1077 2845 1121 2887 vv.
1137 2822 1309 2890 567-588

166 2931 282 3008 origine
296 2931 469 2998 iudicamus,
486 2948 545 2990 non
554 2936 652 3008 potest
662 2946 800 3007 umquam
814 2927 962 3007 Vergilius
974 2929 1162 2990 recitavisse:
1180 2929 1306 3009 poterat,

166 3034 190 3092 si
213 3033 310 3092 statim
332 3039 401 3111 post
423 3051 448 3092 v.
472 3027 535 3092 566
557 3029 704 3090 interebat
725 3027 789 3090 624
810 3047 891 3108 sqq„
915 3035 949 3090 ut
971 3032 1064 3092 suasit
1085 3031 1306 3112 Peerlkampus.

165 3135 206 3195 Ac
227 3134 354 3195 tortasse
376 3133 473 3194 media
495 3133 670 3213 interposita
691 3128 860 3194 589-623
883 3138 951 3211 post
972 3133 1086 3213 reliqua
1111 3133 1280 3196 elaboravit.

249 3237 407 3316 Temporis
417 3236 560 3298 indicium
572 3234 756 3296 nullumtoto
768 3234 845 3296 libro
858 3235 945 3304 inest,
959 3235 1101 3313 nisiquod
1107 3244 1179 3314 post
1190 3242 1309 3300 tertium

168 3341 312 3418 seriptum
328 3357 395 3400 esse
410 3337 563 3417 probabile
580 3339 613 3398 iat
627 3338 765 3398 vaticinio
779 3337 907 3398 Creusae
923 3337 949 3397 ll
967 3335 1043 3408 782,
1063 3358 1122 3418 quo
1135 3339 1309 3418 Hesperiam

166 3441 202 3501 ad
214 3440 358 3521 Thybrim
370 3441 491 3502 illirium
504 3441 637 3519 quamvis
648 3447 717 3519 post
730 3438 817 3517 longa
834 3438 920 3498 exilia
936 3447 1094 3523 venturum
1112 3459 1177 3502 esse
1189 3443 1308 3504 Aenean

164 3544 312 3623 promittit
323 3543 438 3605 marito.
464 3541 549 3613 Quod
560 3549 798 3632 persequentem
810 3538 920 3602 librum
931 3539 1307 3622 itaneglegereVergilinm

165 3645 372 3706 animadvertit
395 3642 527 3705 Conrads
548 3663 578 3723 p.
602 3644 662 3721 vn,
687 3653 718 3705 ut
737 3646 856 3706 Aenean
878 3645 970 3721 fingat
991 3643 1128 3720 ignarum
1152 3646 1228 3724 ‘quo
1250 3647 1309 3708 lata

164 3749 271 3816 lerant,
306 3745 358 3807 nbi
380 3747 485 3807 sistere
508 3746 612 3807 detur’
636 3746 670 3826 (.
696 3745 724 3826 7)
749 3755 778 3808 et
800 3751 990 3826 quaerentem
1016 3763 1052 3806 ex
1073 3746 1209 3824 Apolline
1231 3751 1308 3828 ‘quo

167 3851 212 3914 ire
234 3849 340 3910 iubes?
369 3848 420 3910 ubi
442 3867 555 3928 ponere
583 3849 705 3910 sedest'
729 3846 790 3928 (88)
819 3847 900 3910 nulla
929 3849 1062 3926 coniugis
1091 3849 1165 3910 tacta
1193 3831 1306 3912 memo*-

164 3953 218 4012 ria.
256 3951 349 4012 lmmo
365 3951 482 4012 Cretam
494 3958 606 4031 petunt,
624 3951 731 4012 deinde
741 3957 827 4030 patre
838 3951 976 4012 hortante
986 3969 1092 4012 rursus
1105 3951 1140 4012 ad
1153 3953 1306 4015 oraculum

164 4051 278 4114 Phoebi
304 4051 431 4114 redeunt
453 4055 669 4132 interrogatum
697 4058 775 4134 ‘quo
798 4061 914 4114 vertere
938 4055 1061 4114 cursus’
1089 4053 1189 4115 iubeat
1212 4051 1305 4136 (146).

164 4155 226 4216 Nec
259 4162 311 4216 aut
342 4163 482 4235 penates,
516 4157 567 4235 qui
599 4175 653 4236 per
686 4157 832 4218 somnium
860 4156 979 4216 Aenean
1008 4155 1184 4235 Hesperiam
1218 4156 1305 4218 sedes

165 4276 232 4320 esse
255 4259 314 4318 lato
338 4257 500 4318 destinatas
523 4257 631 4320 docent
654 4257 689 4337 (v.
715 4256 795 4338 163),
819 4265 870 4319 aut
891 4276 960 4318 mox
982 4257 1134 4328 Anchises
1158 4258 1211 4320 ubi
1233 4259 1306 4320 baec

166 4362 321 4422 confirmat
342 4360 402 4421 filio
431 4360 534 4422 (licens
563 4359 644 4430 ‘sola
671 4361 744 4421 mihi
773 4359 837 4422 talis
865 4379 952 4422 casus
975 4361 1138 4423 Cassandra
1166 4360 1307 4421 canebat'

165 4459 246 4544 (183)
276 4481 301 4522 e.
332 4482 360 4542 q.
390 4482 413 4524 s.
445 4463 572 4525 Creusae
600 4465 775 4524 memoriam
803 4463 862 4524 illio
890 4471 1042 4524 renovant.
1069 4487 1071 4499 ⁴
1094 4462 1151 4524 Sed
1183 4462 1305 4523 edoctus
