3276 5050
759 417 1015 483 'rsoneeounun

404 607 478 668 ltem
501 607 708 678 audacissime,
732 610 823 669 immo
846 616 960 670 temere
983 614 1013 668 et
1035 609 1175 669 lerociter
1191 608 1294 670 Varius
1310 603 1347 669 ¹et
1369 609 1468 670 Tucca

319 729 385 771 rem
411 711 550 788 egissent,
576 712 727 772 siveram
752 717 830 771 esset
853 709 931 789 quod
951 710 1071 771 Servius
1088 709 1230 780 adli'rmat,
1255 709 1401 771 obleuisse
1418 729 1468 771 eos

320 811 363 872 vel
393 811 548 873 sustulisse
575 830 678 874 versus
706 813 809 891 viginti
838 807 930 874 enirm
953 811 978 872 ll
999 808 1177 881 567-588,
1207 801 1321 873 scilicet
1348 815 1415 892 quia
1439 820 1469 872 et

321 915 463 975 contrarii
490 921 591 974 essent
620 916 663 975 eis
691 933 766 994 quae
790 915 831 977 ¹Vl
852 911 914 976 511
939 930 1004 992 sqq.
1034 913 1070 974 de
1093 913 1204 975 Helena
1234 913 1408 984 traduntur,
1439 923 1468 975 et
1533 929 1535 934 ·
1626 893 1627 916 ³

320 1019 426 1095 ‘turpe
448 1017 511 1079 viro
534 1017 604 1076 lorti
627 1024 705 1077 esset
727 1023 831 1078 contra
853 1017 994 1077 feminam
1016 1017 1132 1077 irasci'.
1169 1014 1243 1078 Nam
1266 1024 1391 1096 propter
1408 1023 1467 1078 tam

320 1116 432 1179 luttiles
455 1134 558 1178 causas
581 1118 760 1180 detruncare
783 1116 969 1198 splendidam
999 1119 1151 1198 ceteroqui
1180 1119 1399 1189 narrationem,
1428 1121 1467 1181 ita

321 1215 420 1280 autem
443 1218 637 1290 detruncare,
661 1227 695 1281 ut
717 1219 830 1300 reliqua
853 1239 892 1280 ne
914 1219 1095 1281 cohaereant
1118 1220 1238 1298 quidem
1260 1221 1339 1279 inter
1361 1241 1394 1281 se
1418 1230 1467 1282 aut

321 1322 392 1382 satis
413 1327 495 1382 recte
519 1323 634 1401 possint
661 1322 809 1402 intellegi,
840 1322 897 1383 hoc
926 1328 991 1384 erat
1017 1321 1133 1383 urendo
1163 1329 1192 1382 et
1221 1321 1349 1382 secando
1379 1331 1466 1401 atque

321 1421 395 1484 adeo
417 1423 545 1485 iurando
568 1424 738 1504 despoliare
767 1441 841 1503 opus
867 1423 1073 1502 praeclarum,
1102 1441 1162 1484 non
1193 1429 1226 1484 ut
1255 1425 1320 1501 pios
1348 1431 1378 1484 et
1406 1425 1464 1485 ele-

321 1532 426 1604 gantes
456 1524 592 1588 homines
620 1526 744 1588 decebat
778 1525 877 1586 edere.
930 1527 974 1587 An
1002 1525 1119 1603 reliqua
1152 1525 1223 1586 satis
1251 1525 1358 1594 multa,
1389 1543 1465 1603 quae

320 1628 429 1708 partim
452 1629 617 1708 vituperata
640 1645 705 1689 esse
728 1647 744 1688 a
767 1617 889 1689 criticis¹
899 1627 1027 1706 legimus
1041 1630 1072 1688 in
1088 1629 1310 1688 commentariis
1325 1629 1464 1705 antiquis,

322 1749 377 1791 suo
399 1728 465 1790 loco
488 1730 576 1791 nobis
598 1747 717 1810 quoque
733 1729 950 1810 perlustranda,
974 1731 1083 1808 partim
1103 1732 1160 1810 ipsi
1176 1747 1267 1808 supra
1287 1731 1464 1799 notavimus

321 1833 362 1893 ita
385 1831 526 1910 sugerunt
549 1851 672 1893 acumen
694 1833 849 1920 bominum
874 1831 1155 1901 eruditissimorum,
1185 1839 1218 1893 ut
1240 1833 1349 1892 ceteris
1371 1833 1465 1891 omni-

323 1933 378 1994 bus
400 1933 474 1995 locis
497 1936 581 2012 quasi
609 1935 796 2005 coniverent,
829 1933 886 1998 hoc
914 1932 977 1995 solo
1007 1935 1037 1994 in
1067 1931 1229 1995 leviuscule
1257 1933 1465 1996 dormitantem

323 2043 440 2114 poetam
463 2037 633 2097 saevissime
656 2035 951 2098 animadvertendum
982 2055 1048 2096 esse
1076 2035 1133 2096 sibi
1162 2035 1324 2096 ducerent?
1373 2037 1414 2096 Ac
1442 2037 1465 2095 si

322 2137 415 2198 semel
438 2137 647 2216 corrigendum
670 2137 721 2199 tali
743 2138 861 2200 licentia
885 2145 1002 2216 poetam
1026 2137 1083 2198 sibi
1098 2139 1306 2217 sumpsissent,
1331 2157 1384 2198 cur
1401 2145 1464 2197 tan-

322 2239 390 2300 dem
414 2241 456 2301 eis
478 2247 688 2320 pepercerunt,
713 2260 789 2322 quae
811 2241 929 2302 omissis
952 2259 995 2301 vv.
1017 2235 1185 2301 adt-588
1209 2241 1290 2299 omni
1312 2258 1391 2300 nexu
1414 2240 1465 2300 de-

323 2343 423 2403 stituta
447 2348 545 2411 erant,
576 2349 626 2403 aut
649 2342 752 2420 quidni
774 2345 899 2404 resectis
929 2343 1017 2403 etiam
1041 2361 1084 2403 vv,
1106 2337 1277 2402 589-623
1306 2343 1467 2402 continuati

263 2487 267 2496 .
323 2442 426 2504 saltem
449 2443 490 2503 lili
512 2445 692 2506 narrationis
714 2443 831 2506 laudem
855 2446 1087 2524 praeripuerunt
1109 2441 1324 2522 Peerlkampot

408 2545 509 2626 ltaque
533 2547 611 2607 Varii
634 2555 664 2608 et
686 2548 803 2608 'luccae
825 2547 882 2607 fide
905 2565 939 2608 ac
961 2545 1120 2627 prudentia
1142 2541 1294 2623 indignam
1325 2563 1391 2606 esso
1419 2565 1467 2606 ra·

325 2649 453 2718 tionem,
489 2648 569 2728 quali
591 2667 661 2710 usos
685 2668 751 2710 esse
774 2649 896 2735 Seruius
918 2655 1035 2718 narrat,
1070 2650 1094 2710 si
1116 2631 1292 2727 persuasum
1316 2647 1467 2716 habemus,

324 2751 393 2829 quid
417 2737 560 2811 iaciemus
584 2750 719 2812 versibus
740 2735 822 2821 XXI,
853 2753 904 2832 qui
931 2753 962 2812 in
985 2752 1104 2832 optimis
1126 2750 1292 2830 quibusque
1315 2742 1467 2811 codicibus

325 2854 435 2913 nostris
458 2847 567 2914 desunt
587 2872 643 2914 nec
665 2870 788 2930 usquam
812 2861 863 2914 aut
885 2871 900 2914 a
923 2855 1123 2932 grammaticis
1153 2861 1205 2914 aut
1226 2852 1263 2913 ab
1285 2852 1351 2914 aliis
1373 2854 1467 2930 scrip·

236 2961 256 2981 ⁴
325 2953 441 3016 toribus
464 2954 639 3018 laudantur?
682 2955 756 3038 Nam
780 2955 858 3033 quod
880 2958 911 3017 in
928 2955 1108 3017 Dorvilliano
1132 2963 1161 3017 et
1182 2957 1213 3016 in
1230 2953 1372 3015 Gothanis
1395 2973 1466 3032 pau·

324 3058 425 3137 cisque
448 3056 513 3118 aliis
534 3058 749 3119 recentissimis
772 3057 857 3119 libris
884 3057 1037 3138 leguntur,
1067 3076 1155 3118 nemo
1183 3057 1299 3136 peritus
1330 3074 1389 3116 non
1422 3056 1465 3114 in·

326 3158 460 3238 telleget‚
485 3178 521 3220 ex
542 3161 608 3240 ipso
631 3161 726 3222 Servii
749 3163 964 3222 commentario
994 3179 1044 3220 eos
1067 3179 1082 3220 a
1105 3157 1234 3220 librariis
1257 3157 1316 3218 buc
1338 3159 1467 3217 insertos

277 3288 282 3296 ·
325 3281 400 3323 esse.
447 3260 570 3341 Triplici
592 3262 680 3324 modo
704 3261 740 3323 de
763 3263 902 3340 antiquae
924 3263 1086 3322 memoriae
1108 3278 1255 3321 consensu
1271 3261 1360 3322 statui
1380 3253 1483 3339 posso'

325 3364 457 3424 videtur:
490 3373 556 3434 aut,
586 3363 664 3444 quod
687 3361 800 3445 lleynio
823 3366 854 3424 in
876 3371 1006 3424 mentem
1029 3364 1122 3431 venit,
1158 3361 1194 3422 ab
1216 3363 1281 3441 ipso
1303 3367 1391 3448 poeta
1413 3359 1468 3420 lios

326 3483 431 3526 versus
454 3473 618 3546 expunctos
641 3485 722 3536 esse,
757 3473 807 3527 aut
835 3485 896 3526 non
922 3473 1043 3544 praesto
1071 3465 1165 3524 luisse
1194 3465 1297 3524 amicis
1317 3465 1468 3541 integrum

324 3565 464 3629 Aeneidis
487 3566 654 3646 exemplar,
677 3569 827 3628 inventam
849 3573 953 3645 postea
975 3563 1146 3627 schedulam
1169 3583 1244 3646 quae
1267 3565 1396 3626 carmina
1419 3563 1468 3624 illa

326 3669 510 3740 contineret,
546 3677 596 3729 aut
629 3667 743 3730 editum
772 3669 882 3748 optima
911 3668 969 3729 fide
997 3669 1124 3729 aVario
1153 3675 1181 3729 et
1203 3667 1302 3729 Tucca
1325 3665 1467 3745 quidquid

326 3770 489 3851 reliquerat
511 3771 633 3840 amicus,
658 3770 710 3832 sed
732 3768 868 3831 lacunam
892 3771 1079 3832 manifestam
1103 3769 1286 3850 supplevisse
1309 3768 1399 3830 alium
1418 3770 1469 3848 qui

327 3875 388 3935 suis
411 3874 539 3933 inventis
561 3871 649 3934 iidem
674 3882 703 3934 et
726 3873 933 3934 auctoritatem
956 3891 1063 3952 parare
1086 3872 1239 3932 mendacio
1269 3877 1393 3931 conatus
1420 3872 1466 3930 sit.

326 3975 369 4036 Ex
393 3974 500 4055 quibus
522 3978 652 4056 primum
675 3977 721 4036 iix
744 3977 839 4054 magis
861 3975 1021 4036 satisfaciet
1043 3993 1129 4054 quam
1147 3974 1242 4035 Servii
1263 3963 1468 4034 iabulaz'bam

329 4096 387 4139 nec
409 4077 607 4158 intellegitur,
643 4097 696 4138 cur
718 4077 774 4138 bos
796 4085 910 4138 tantum
933 4093 1036 4137 versus
1058 4093 1113 4137 nec
1135 4075 1276 4156 plusaut
1297 4075 1396 4135 minus
1419 4093 1469 4134 ex-

327 4181 467 4259 punxerit
488 4179 645 4259 Vergilius,
669 4199 726 4241 nec
747 4177 902 4260 probabile
925 4197 993 4239 eum
1014 4177 1094 4238 bunc
1117 4177 1214 4238 solum
1236 4176 1334 4237 locum
1358 4183 1468 4236 retrac-

328 4281 450 4343 tandum
473 4282 612 4346 secundis
635 4284 716 4345 curis
738 4281 940 4350 destinavisse,
971 4300 1026 4342 nec
1049 4299 1152 4342 verum
1182 4279 1311 4341 editores
1335 4278 1470 4337 omisisse

329 4383 474 4466 quidquid
496 4404 556 4446 non
580 4383 616 4446 ab
639 4386 704 4466 ipso
727 4391 814 4465 poeta
842 4385 1008 4462 perlectum
1036 4384 1143 4444 luerat.
1195 4383 1256 4444 Nec
1283 4381 1376 4458 magis
1404 4397 1469 4439 cre·

329 4486 419 4549 dibile
441 4486 583 4558 alterum,
613 4485 657 4546 vel
681 4494 812 4548 servatas
834 4506 850 4547 a
873 4493 960 4566 poeta
989 4484 1034 4548 vel
1057 4484 1179 4552 traditas
1209 4484 1312 4546 amicis
1335 4489 1364 4543 et
1387 4499 1467 4542 com-
