3276 5050
632 431 875 473 raonauormun.
1262 411 1321 474 157

169 615 282 675 pessus
304 577 439 676 exempla
461 599 532 658 den.
557 594 656 658 1480
691 598 732 658 111
754 596 826 670 263,
849 599 886 660 ad
908 602 1043 676 partitur
1068 597 1167 670 1194,
1192 599 1228 660 ad
1251 619 1321 660 con·

175 701 322 761 cessirum
344 699 465 760 modum
481 702 593 762 iuveris
607 700 633 760 X
648 697 699 771 33,
718 704 833 763 Allecto
848 704 1047 763 accusativum
1063 697 1203 770 1111324,
1227 704 1324 762 tuster

174 802 210 863 ad
234 795 365 863 111865.
1020 791 1024 800 ’

258 904 350 966 Multa
371 905 402 964 in
418 905 549 966 Aeneide
573 923 734 966 occurrere
756 907 919 985 incongrua
943 914 973 966 et
987 908 1065 967 inter
1081 925 1113 968 se
1129 907 1323 987 repugnantia

173 1007 304 1068 Probum
327 1025 388 1067 non
410 1007 510 1068 minus
533 1026 621 1087 quam
644 1015 760 1070 ceteros
783 1010 903 1069 criticos
926 1009 1036 1087 fugisse
1064 1027 1122 1068 una
1146 1007 1323 1069 scholiastae

173 1101 281 1169 Veron.
306 1105 584 1170 scientiaea
617 1109 768 1171 adnotatio
802 1110 905 1179 docet;
948 1119 977 1171 et
1006 1116 1240 1171 consentancum
1269 1111 1324 1172 hos

172 1211 217 1271 vel
240 1212 367 1272 maxime
390 1210 471 1272 locos
494 1209 531 1270 ab
555 1229 590 1272 co
616 1220 696 1273 certa
720 1219 789 1273 nota
812 1213 969 1290 insignitos
992 1213 1092 1274 luisse.
1122 1211 1202 1273 Usus
1224 1219 1323 1272 autem

172 1313 288 1374 videtur
310 1314 394 1388 diple
414 1330 546 1390 superne
568 1315 695 1384 obelata,
720 1333 808 1394 quam
832 1313 885 1376 ‘ad
908 1315 1112 1375 condicionem
1128 1313 1262 1375 locorum
1277 1313 1324 1374 vel

170 1434 369 1494 personarum
391 1414 438 1476 vel
462 1423 630 1496 temporum
654 1422 815 1480 mutatam'
846 1418 917 1497 poni
937 1418 1090 1479 Parisinus
1113 1418 1324 1495 grammaticus

171 1517 266 1579 docet.

257 1622 347 1696 Dipte
369 1621 543 1682 obelismeue
565 1620 788 1682 comoediarum
814 1631 843 1681 et
859 1621 1076 1701 tragoediarum
1094 1622 1186 1682 textui
1201 1622 1323 1701 propria

172 1721 255 1783 velut
287 1721 324 1782 ad
347 1723 519 1783 Terentium
544 1743 560 1784 a
582 1722 697 1793 Probo,
731 1725 762 1782 in
784 1723 908 1801 Horatio
942 1730 1040 1784 autem
1074 1722 1110 1783 ad
1144 1723 1323 1802 separandas

172 1823 313 1903 strophas
334 1842 444 1892 eversu
467 1825 643 1886 obelismeae
665 1823 802 1885 adhiberi
825 1831 952 1904 poterat.
984 1823 1155 1885 Difficilium
1170 1825 1323 1886 intellectu

172 1907 308 2005 quaeda
335 1935 423 1988 recto
450 1933 480 1987 et
502 1943 612 1988 auerso
633 1943 764 2002 superne
788 1927 915 1988 obelutis
942 1927 1086 2006 praecipit
1114 1927 1324 2004 grammaticus

171 2027 337 2098 Parisinus,
373 2029 457 2088 cuius
492 2035 632 2106 corrupta
665 2027 711 2087 vel
744 2029 844 2106 potius
871 2027 969 2090 lacera
1001 2035 1030 2088 et
1063 2026 1323 2106 neglegentissime

172 2138 314 2208 excerpta
337 2129 428 2192 verba
451 2129 526 2190 haec
549 2135 721 2209 ‘ponuntur
744 2148 812 2190 cum
836 2129 940 2190 eadem
957 2129 1123 2208 significant
1138 2129 1324 2208 similemque

172 2238 346 2307 sequentem
370 2234 455 2293 esse’
478 2230 632 2311 paululum
655 2229 731 2292 lucis
753 2231 897 2292 videntur
914 2233 1051 2310 accipere
1067 2249 1102 2291 ex
1117 2231 1225 2292 Isidori
1240 2231 1322 2292 looo:

173 2333 312 2411 ‘ponitur
333 2334 416 2394 linita
438 2332 503 2393 loco
526 2351 581 2408 sup
604 2332 734 2393 monade
757 2334 963 2412 significatque
992 2332 1118 2394 similem
1147 2341 1320 2413 sequentem

171 2437 265 2495 esse'.
317 2434 397 2506 Quae
420 2454 482 2495 non
504 2433 682 2513 habeo'quo
705 2441 843 2515 spectare
866 2435 960 2496 dicam
984 2436 1042 2496 nisi
1070 2435 1105 2495 ad
1130 2435 1322 2516 stropharum

169 2533 248 2595 illam
264 2538 500 2616 responsionem,
524 2556 611 2618 quam
633 2539 664 2598 in
687 2536 829 2599 bucolicis
844 2536 1007 2616 Vergilium
1024 2536 1060 2596 ad
1076 2536 1228 2598 Theocriti
1251 2537 1321 2599 alio-

169 2655 297 2716 rumque
311 2646 465 2718 poetarum
482 2638 665 2700 Graecorum
682 2639 849 2720 exemplum
866 2646 1009 2700 sectatum
1026 2657 1092 2700 esse
1108 2638 1178 2700 olim
1194 2639 1322 2702 ostendi.

169 2740 274 2817 ltaque
290 2749 324 2801 ut
344 2739 402 2801 hoc
424 2748 491 2802 utar
515 2739 740 2804 3311136-39
763 2749 793 2803 et
813 2737 952 2811 cto-42,
976 2762 1003 2802 v.
1019 2738 1061 2802 43
1078 2748 1107 2801 et
1121 2736 1172 2811 44,
1195 2737 1324 2803 45-50

171 2847 202 2900 et
222 2837 368 2912 51—55,
396 2839 438 2904 56
462 2861 505 2922 sq.
538 2850 568 2903 et
595 2839 637 2904 58
666 2863 726 2923 sq.,
756 2840 883 2904 60-62
914 2851 943 2904 et
970 2840 1112 2914 63-65,
1141 2839 1268 2904 66-69
1295 2851 1324 2904 et

173 2940 300 3004 70-73
321 2945 401 3004 inter
424 2962 456 3004 se
481 2944 589 3005 similia
613 2963 679 3005 csse
701 2953 818 3024 poterat
839 2953 921 3006 recta
945 2953 974 3005 et
989 2963 1091 3029 auersa
1107 2963 1236 3025 superne
1252 2944 1322 3005 ohe·

173 3045 241 3106 latis
279 3046 449 3124 significari.
515 3044 699 3123 Quamquam
737 3045 812 3106 aliae
859 3047 1051 3126 stropharum
1088 3045 1324 3125 complicatiores

174 3155 359 3218 structurae,
387 3146 439 3208 uhi
467 3148 592 3209 invicem
617 3147 673 3207 sihi
696 3147 905 3226 respondentia
933 3147 1068 3208 membra
1096 3147 1160 3208 aliis
1189 3154 1324 3228 separata

171 3256 251 3318 sunt,
280 3249 337 3310 hac
360 3248 426 3311 sola
449 3257 519 3310 nota
541 3267 603 3310 non
627 3251 699 3309 satis
722 3251 881 3328 perspicue
903 3249 1046 3310 illustrari
1067 3256 1214 3329 poterant.
1266 3249 1323 3308 Sed

176 3367 232 3427 qua
261 3350 317 3412 alia
344 3352 476 3421 ratione,
515 3351 617 3429 quales
644 3349 755 3423 multae
782 3369 855 3411 sane
884 3352 1045 3428 excogitari
1071 3359 1211 3430 possunt,
1245 3353 1323 3412 varia

174 3461 281 3531 poetae
315 3454 438 3514 artificia
471 3454 503 3514 in
537 3462 699 3534 conspectu
731 3451 853 3514 lectoris
885 3455 981 3533 posita
1024 3455 1137 3514 luerint
1181 3453 1321 3514 traditum

172 3562 314 3622 nonest.

258 3655 391 3736 Denique
413 3663 527 3718 restant
552 3674 675 3734 quarum
698 3656 934 3738 simplicissimus
956 3677 1027 3720 usus
1050 3667 1113 3720 erat
1146 3659 1265 3718 coronis
1293 3667 1322 3718 et

173 3757 301 3837 simplex
325 3757 439 3819 ductus.
488 3759 639 3820 Coronide
660 3761 760 3838 igitur,
790 3777 866 3837 quae
889 3762 936 3820 ‘in
958 3763 1016 3821 line
1038 3761 1124 3823 libri'
1147 3759 1323 3840 ponebatur,

173 3879 247 3921 usus
279 3867 329 3942 ¹est
359 3859 492 3931 ProhuS,
525 3868 558 3920 ut
592 3862 772 3940 significaret
804 3863 939 3941 quintum
962 3864 1101 3924 Aeneidis
1128 3861 1237 3922 librum
1268 3862 1324 3922 hoc

168 3981 257 4024 versu
287 3966 336 4022 ‘et
364 3962 484 4022 tandem
514 3960 655 4023 Euboicis
683 3963 843 4025 Cumarum
872 3963 1021 4026 adlabitur
1055 3966 1150 4035 oris',
1184 3981 1244 4024 non
1272 3963 1323 4023 illo

169 4065 280 4126 ‘nudus
302 4066 333 4124 in
355 4064 464 4142 ignota,
498 4063 649 4134 Palinure,
673 4066 785 4127 iacebis
799 4065 928 4127 harena’
951 4066 1181 4136 terminandum,
1205 4072 1322 4126 sextum

167 4173 266 4227 autem
292 4165 338 4226 his
360 4164 538 4226 ‘obvertunt
563 4165 668 4245 pelago
690 4169 817 4247 proras'
842 4168 1057 4230 exordiendum
1081 4187 1157 4230 esse.

252 4270 368 4330 Ductus
399 4270 529 4344 simplex
562 4271 623 4329 sive
657 4286 743 4346 quarn
771 4269 903 4331 Isidorus
936 4269 1066 4350 appellat
1092 4272 1320 4348 peiroorapuus
1374 4267 1379 4274 ’

170 4372 272 4430 ‘inter
294 4387 398 4430 versus
421 4368 589 4449 ponebatur
612 4370 647 4430 ad
671 4372 852 4450 separandas
867 4390 917 4432 res
932 4392 947 4432 a
964 4372 1055 4433 rebus
1071 4375 1191 4451 quaein
1207 4365 1322 4432 conexu

167 4479 397 4541 concurrerent,
429 4471 679 4548 quemadmodum
708 4475 737 4532 in
768 4472 917 4550 catalogo,
949 4493 1016 4534 cum
1046 4474 1108 4534 loca
1132 4493 1147 4533 a
1172 4473 1243 4534 locis
1266 4483 1317 4533 aut
