3230 5046
618 397 864 439 Pssonudouuue.

617 862 750 939 Carnu
773 865 861 938 XII.
919 911 923 916 -

271 1041 335 1125 De
366 1024 566 1151 scriptura
597 1043 785 1126 codicum
817 1045 1200 1151 antiquissimorum.

250 1375 383 1434 Aetatem
407 1371 553 1435 librorum
583 1373 690 1436 litteris
719 1374 893 1454 capitalibus
921 1377 1101 1454 scriptorum
1129 1376 1307 1438 arctioribus

165 1493 252 1554 quam
275 1474 463 1535 saeculorum
486 1475 616 1554 quinque
639 1495 667 1556 p.
692 1477 761 1538 Chr.
791 1478 957 1555 primorum
985 1475 1094 1538 linibus
1117 1479 1306 1539 circumscri-

167 1575 240 1636 bere
255 1595 344 1656 quam
360 1578 398 1636 sit
413 1575 532 1637 difficile
547 1584 576 1636 et
594 1577 744 1639 lubricum
762 1579 834 1639 satis
855 1579 933 1639 inter
950 1579 1063 1657 peritos
1079 1585 1203 1639 constat.
1242 1579 1306 1650 Qua

165 1676 203 1737 de
226 1696 258 1738 re
283 1684 345 1738 tum
362 1677 481 1738 demum
497 1681 625 1740 certiora
640 1680 767 1741 tortasse
783 1697 891 1740 eruere
913 1678 1021 1749 licebit,
1046 1681 1072 1739 si
1093 1681 1160 1759 quis
1175 1681 1307 1741 omnium

165 1785 311 1858 quotquot
333 1778 421 1840 huius
447 1781 566 1857 generis
595 1788 697 1842 extant
724 1781 861 1842 codicum
893 1781 1055 1859 specimina
1083 1781 1308 1842 accuratissima

164 1888 229 1942 arto
252 1899 393 1960 expressa
416 1880 570 1960 collegerit
593 1890 623 1941 et
644 1881 699 1943 sub
722 1889 915 1961 conspectum
938 1883 1080 1960 posuerit.
1130 1881 1211 1952 Quae
1239 1901 1306 1943 cum

163 1984 391 2062 inscriptionum
414 1984 533 2062 imperii
554 1982 680 2043 Romani
703 1981 847 2062 exemplis
870 1981 974 2042 eadem
997 2001 1084 2062 quam
1112 1981 1227 2044 liberae
1248 1986 1307 2044 rei·

163 2083 302 2163 publicae
324 2086 525 2145 monumentis
547 2081 728 2144 Ritsebellus
755 2084 890 2163 inpertiit
917 2083 1160 2154 artehimitandis
1188 2103 1319 2163 compa,

164 2192 236 2255 rata,
258 2187 289 2246 in
304 2185 445 2246 arixilium
468 2185 579 2245 vocatis
602 2203 668 2245 cum
691 2173 943 2263 subscriptionum
966 2185 992 2244 si
1014 2201 1090 2263 quae
1105 2187 1175 2264 sitiit
1190 2185 1307 2247 iudiciis

163 2295 226 2346 tum
249 2285 478 2365 orthographiae
501 2302 578 2362 quae
599 2285 707 2346 dicitur
729 2284 942 2346 mutationibus
970 2291 1000 2344 et
1029 2283 1183 2346 barbariae
1207 2288 1306 2364 ingra-

165 2389 309 2449 vescentis
331 2386 454 2448 maculis
476 2406 548 2448 num
571 2395 669 2449 certos
691 2386 834 2466 quosdam
856 2393 984 2448 aetatum
1007 2386 1118 2464 gradus
1133 2395 1166 2447 ut
1180 2386 1308 2466 prodant

163 2490 297 2550 futurum
320 2491 358 2550 sit
387 2489 610 2568 expectandum.
663 2490 725 2567 Ego
758 2491 789 2550 in
818 2506 923 2567 magua
951 2487 1154 2550 subsidiorum
1183 2491 1306 2568 penuria

163 2591 234 2667 quid
263 2591 300 2650 de
328 2589 564 2668 Vergilianorum
599 2590 733 2656 codicum
767 2598 862 2652 aetate
896 2590 974 2669 apud
1008 2608 1056 2650 nte
1089 2591 1305 2668 constituerim,

162 2690 292 2766 breuiter
313 2691 494 2769 significabo.

247 2796 289 2854 Ac
321 2795 449 2872 primum
473 2793 654 2854 Prudentius
683 2802 770 2872 poeta
804 2795 943 2874 quoniam
977 2812 1054 2854 anno
1087 2795 1190 2854 aetatis
1222 2795 1307 2871 quin·

161 2897 334 2973 ‹qrragesimo
357 2895 484 2973 septimo
519 2895 623 2973 (prael.
655 2893 670 2955 1
703 2915 746 2974 sq.
770 2895 837 2955 coll.
868 2891 937 2974 24),
972 2893 1000 2954 h.
1033 2914 1058 2955 e.
1089 2914 1118 2974 p.
1150 2895 1219 2957 Clio.
1242 2892 1306 2957 405

162 3013 253 3074 opera
286 3014 338 3056 sua
371 2997 403 3055 in
436 2993 541 3072 vulgus
574 2995 678 3065 edidit,
714 3003 828 3057 certum
861 3003 907 3057 est
939 2995 1071 3056 codicem
1108 2997 1172 3056 eins
1200 2998 1305 3062 carmi·

161 3115 231 3158 uurn
254 3097 436 3165 Parisinum,
472 3098 555 3158 cuius
583 3096 659 3178 apud
682 3096 883 3158 Mabillonium
913 3096 950 3156 de
977 3115 1011 3157 re
1033 3096 1104 3175 dipl.
1127 3093 1191 3174 354
1212 3116 1260 3157 no.
1284 3095 1305 3158 2

162 3199 244 3258 etin
267 3198 529 3259 Benedictinorum
552 3204 678 3258 tractatu
700 3197 890 3274 diplomatico
914 3197 969 3258 vol.
993 3197 1032 3258 lll
1055 3196 1114 3257 tab.
1138 3195 1180 3259 35
1208 3200 1304 3276 speci·

161 3318 230 3359 men
254 3305 341 3369 extat,
365 3317 426 3360 non
448 3316 538 3377 posse
559 3298 663 3359 saltem
686 3299 743 3359 hoc
764 3299 831 3378 ipso
853 3306 988 3378 tempore
1011 3300 1206 3378 antiquiorem
1230 3318 1303 3360 esse.

160 3402 248 3480 Atqui
271 3399 446 3479 capitalibus
467 3399 576 3479 litteris
597 3401 808 3479 integerrimis,
831 3399 935 3479 quales
956 3401 1020 3461 lere
1041 3399 1071 3459 in
1090 3398 1221 3461 Palatino
1245 3419 1304 3461 ma·

160 3503 239 3562 xime
262 3510 292 3562 et
313 3501 447 3562 Romano
471 3501 591 3580 Vergilii
614 3503 847 3581 conspiciuntur,
870 3500 919 3562 hic
941 3508 1022 3561 totns
1044 3500 1173 3579 scriptus
1196 3509 1248 3570 est,
1274 3509 1306 3562 ut

159 3604 290 3684 iniquius
312 3605 447 3681 prolecto
472 3603 605 3666 videatur
626 3603 740 3664 Alberti
763 3602 905 3664 Dresselii
927 3601 1093 3670 arbitrium,
1116 3603 1166 3681 qui
1188 3603 1218 3663 in
1234 3621 1303 3682 pro·

160 3704 236 3781 legg.
266 3703 302 3764 ad
324 3704 520 3766 Prudentium
542 3725 572 3784 p.
595 3704 738 3766 xxxvttt
767 3705 834 3764 adn.
858 3701 899 3765 ‘28
927 3703 962 3763 ad
992 3710 1125 3763 octavum
1153 3703 1303 3765 saeculum

161 3805 303 3866 detrusit:
327 3814 412 3879 sexto
434 3806 539 3867 tribuit
560 3805 702 3867 Arevalns
723 3805 856 3884 prolegg.
881 3802 931 3866 74.
976 3805 1090 3865 Rursus
1111 3805 1187 3865 intra
1210 3823 1304 3865 anuos

160 3915 229 3969 anto
252 3906 320 3968 Chr.
344 3904 384 3968 31
409 3915 439 3968 et
459 3915 526 3986 post
542 3906 611 3968 Chr.
629 3904 670 3968 79
692 3909 893 3968 certissimum
917 3913 963 3966 est
982 3907 1127 3986 scriptum
1143 3907 1303 3985 essequod

159 4010 192 4070 in
216 4007 364 4070 volumine
385 4008 602 4070 Herculanensi
624 4009 650 4070 ll
673 4015 753 4070 extat
774 4026 895 4070 carmen
918 4006 955 4068 de
982 4006 1061 4067 bello
1084 4008 1217 4077 Actiaco,
1247 4025 1304 4068 nec

158 4118 227 4190 post
237 4128 358 4175 ,anuum
381 4118 500 4172 nostrae
523 4101 610 4172 aerae
626 4107 668 4172 79
682 4119 764 4172 ortae
781 4128 846 4171 esse
861 4114 985 4189 possunt
1001 4109 1211 4186 inscriptiones
1229 4126 1303 4185 qnae

158 4213 190 4272 in
213 4213 401 4290 Pompeianis
423 4213 587 4291 parietibus
609 4213 759 4291 leguntur.
803 4210 1043 4272 Herculanenses
1065 4217 1165 4270 autem
1187 4207 1303 4270 litterae

158 4314 229 4374 satis
250 4311 439 4390 indiligenter
461 4322 491 4374 ct
510 4315 705 4393 inaequaliter
727 4316 856 4393 scriptae
885 4315 1002 4392 partim
1017 4311 1062 4372 vel
1084 4311 1120 4372 ad
1143 4309 1302 4372 uncialium

123 4428 126 4436 ’
158 4431 236 4494 quae
259 4413 397 4475 dicuntur
416 4415 541 4477 iormam
563 4415 714 4478 accedunt.
760 4417 832 4479 Nam
856 4422 974 4495 praeter
997 4422 1107 4476 rectam
1131 4413 1154 4474 E
1175 4411 1302 4488 rotunda
