3276 5050
768 410 1012 456 Psonuuouuuu.

771 935 904 1012 Cunus
927 935 1012 1012 VII.

654 1118 717 1201 De
748 1118 871 1200 Vario
902 1126 946 1200 et
976 1117 1122 1200 Tucca.

406 1502 600 1577 Quorumoe
622 1521 713 1582 opera
736 1502 867 1566 Donatus
892 1501 938 1562 rei
961 1503 1072 1564 rectius
1095 1510 1198 1589 auctor
1221 1505 1286 1566 eius
1309 1505 1469 1566 Suetonius

319 1627 350 1687 p.
375 1604 425 1696 63¹
440 1621 504 1686 sqq.
528 1603 602 1666 haec
624 1605 768 1677 rrarravit:
1324 1672 1328 1680 Ι

296 1727 302 1740 ·
406 1706 551 1768 ‘heredes
572 1707 644 1768 iecit
666 1751 792 1767 .....
817 1709 852 1768 L.
875 1710 1001 1770 Varium
1024 1714 1054 1767 ct
1069 1709 1199 1768 Plotium
1224 1707 1365 1770 Tuccam.
1413 1710 1469 1781 Qui

323 1813 387 1872 cius
410 1811 548 1871 Aeneida
570 1815 644 1888 post
661 1807 773 1870 obitum
796 1811 880 1870 iussu
902 1811 1036 1872 Caesaris
1057 1811 1272 1885 emendarunt,
1297 1809 1334 1871 de
1357 1827 1413 1888 qua
1436 1829 1469 1870 re

322 1911 446 1992 Sulpicii
469 1909 721 1988 Carthaginiensis
744 1918 843 1971 extant
864 1911 1034 1972 huiusmodi
1056 1929 1159 1972 versus
1172 1957 1178 1970 .
1193 1956 1199 1970 .
1214 1957 1241 1972 ..
1271 1911 1380 1989 Egerat
1402 1931 1470 1972 curn
1558 1925 1560 1929 ·

323 2015 424 2084 Vario,
453 2013 627 2092 priusquam
649 2011 731 2074 ltalia
754 2012 925 2084 decederet,
957 2020 989 2073 nt
1016 2015 1042 2074 si
1065 2012 1135 2090 quid
1157 2011 1213 2073 sihi
1236 2013 1393 2074 accidisset
1414 2014 1469 2076 he·

323 2114 410 2177 neida
433 2113 639 2183 combureret;
663 2113 716 2176 sed
737 2117 764 2176 is
785 2116 933 2176 iacturum
956 2133 989 2175 se
1011 2123 1199 2194 pernegarat.
1250 2115 1342 2192 Igitur
1365 2117 1396 2176 in
1419 2133 1469 2176 ex-

325 2225 421 2278 trerna
459 2214 625 2278 valetudine
662 2217 772 2278 scrinia
808 2215 985 2278 desideravit
1021 2223 1207 2278 crematurus
1243 2218 1322 2296 ipse:
1367 2235 1469 2278 verunr

323 2319 443 2380 nemine
465 2317 610 2380 offerente
630 2320 708 2380 nihii
728 2321 848 2395 quidem
874 2321 1050 2382 nominatim
1077 2320 1115 2380 de
1142 2335 1180 2380 ea
1206 2321 1303 2393 canit,
1337 2325 1470 2380 ceterum

323 2424 420 2482 cidem
450 2421 544 2482 Vario
566 2438 605 2482 ac
626 2423 715 2482 simui
738 2421 859 2482 Tuscae
885 2422 1002 2496 scripta
1023 2437 1079 2481 sua
1101 2421 1154 2482 sah
1176 2437 1213 2480 ea
1235 2422 1409 2482 condicione
1430 2424 1470 2481 ie-

323 2525 418 2600 aauit,
443 2539 481 2584 me
503 2523 578 2598 quid
597 2523 722 2584 ederent
743 2525 825 2599 quod
845 2537 904 2582 uum
926 2537 946 2582 a
967 2539 999 2583 se
1021 2523 1132 2583 editum
1154 2527 1238 2583 esset.
1289 2523 1396 2584 Edidit
1417 2539 1470 2584 au-

240 2677 243 2684 .
290 2659 294 2674 1
324 2632 380 2688 tem
403 2629 530 2686 auctore
551 2625 688 2700 Auqusto
716 2628 843 2699 Varius,
875 2625 930 2686 sed
954 2626 1123 2684 summatim
1152 2624 1329 2699 emendata,
1360 2631 1394 2684 ut
1421 2627 1474 2700 aui

326 2745 430 2790 uersus
451 2729 541 2788 ctiam
563 2726 750 2802 inperfectos
771 2729 849 2788 sicut
870 2732 960 2786 erant
986 2727 1158 2802 reliquerim
1187 2739 1263 2801 quos
1290 2723 1376 2786 multi
1402 2743 1472 2786 mox

326 2828 469 2910 supplere
502 2829 599 2890 conati
633 2847 693 2889 non
726 2828 850 2909 perinde
883 2825 1040 2888 valuerunt
1069 2825 1107 2887 ob
1141 2825 1358 2896 difficultatem,
1393 2827 1472 2907 quod

329 2931 429 2992 omnia
451 2931 515 2992 iere
537 2929 614 3008 apud
639 2949 707 2992 etun
730 2929 916 2992 hemistichia
939 2928 1073 2991 absoluto
1089 2930 1285 3016 perfectoque
1299 2935 1369 2990 sunt
1383 2947 1472 2990 sensu

326 3039 447 3113 praeter
468 3031 558 3092 iilud:
584 3048 672 3109 quern
697 3032 749 3093 tibi
765 3033 863 3093 Troia.
908 3032 1000 3094 Nisus
1019 3035 1236 3107 arammaticus
1258 3032 1379 3091 audisse
1399 3047 1432 3091 se
1452 3047 1473 3090 a

326 3136 493 3198 senioribus
515 3135 632 3210 aiebat,
671 3137 797 3196 Varium
824 3137 972 3197 librorum
994 3136 1130 3196 ordinem
1156 3138 1350 3194 commutasse
1371 3139 1400 3192 et
1422 3135 1475 3208 qui

302 3319 306 3324 .
327 3255 408 3300 uuae
429 3238 579 3298 secundare
599 3239 638 3297 sit
659 3240 691 3298 in
711 3240 851 3315 primum,
874 3240 994 3298 tertium
1016 3239 1048 3295 iu
1070 3236 1234 3296 secandum
1255 3241 1285 3294 et
1295 3235 1427 3310 nmmum
1441 3236 1473 3294 iu
1544 3263 1558 3286 ·

327 3343 451 3402 tertium
466 3343 562 3400 locum
576 3341 773 3409 transtulisse,
796 3342 888 3400 etiam
904 3340 1003 3415 primi
1019 3337 1093 3398 libri
1105 3337 1275 3398 correxisse
1285 3338 1474 3413 principium

327 3443 375 3502 icis
411 3442 545 3502 aerarius
582 3441 724 3516 demptis:
767 3438 817 3500 iile
851 3456 919 3516 ego,
957 3439 1009 3518 qui
1042 3437 1189 3516 quondam
1214 3483 1221 3497 .
1246 3483 1252 3498 .
1278 3483 1285 3497 .
1319 3436 1473 3500 horrentia

328 3543 460 3604 Martis’

414 3643 502 3704 Redit
524 3649 623 3704 autem
647 3644 729 3722 prior
752 3649 833 3705 certe
857 3642 945 3703 huius
967 3643 1131 3704 memoriae
1159 3659 1229 3721 pars
1251 3641 1287 3702 ad
1310 3641 1398 3720 ionga
1421 3659 1474 3721 op-

332 3749 437 3807 timum
460 3751 631 3814 auctorem,
660 3746 759 3824 ipsum
782 3743 896 3804 scilicet
926 3745 1065 3822 Varium,
1095 3745 1179 3804 cuius
1206 3730 1377 3804 testimonio
1407 3762 1475 3804 curn

331 3845 531 3920 Quintilianus
547 3847 572 3907 X
588 3843 618 3916 3,
643 3843 663 3908 8
686 3847 716 3907 in
738 3846 785 3906 his
807 3852 907 3907 utatur
930 3847 1118 3920 ‘Veraitium
1142 3863 1261 3922 quoquc
1276 3848 1476 3922 paucissimos

253 3961 255 3972 ⁴
331 3953 380 4012 die
401 3952 600 4026 composuisse
621 3965 725 4010 rasus
747 3956 855 4010 auctor
881 3955 926 4008 est
953 3949 1098 4023 Varius',
1130 3955 1209 4009 certa
1239 3948 1410 4007 coniectura
1440 3945 1475 4006 ad

332 4050 459 4114 eundem
482 4052 648 4111 referemus
670 4069 746 4130 quac
769 4049 847 4128 apud
864 4049 992 4112 Gellium
1006 4047 1085 4110 XVli
1102 4045 1142 4110 10
1156 4043 1318 4110 Favorinus
1341 4047 1475 4108 exhibet:

331 4156 446 4214 ‘amici
468 4151 702 4228 familiaresque
723 4153 757 4212 P.
788 4154 916 4228 Veraitii
935 4154 966 4212 iu
993 4155 1052 4227 cis,
1077 4168 1155 4228 quae
1177 4153 1214 4211 de
1240 4153 1361 4226 inuenio
1387 4153 1476 4211 mori-

331 4257 443 4332 busque
471 4258 535 4316 eius
562 4257 725 4316 numeriae
751 4256 959 4328 tradiderunt,
996 4253 1097 4314 dicere
1125 4271 1192 4314 eum
1221 4251 1339 4314 solitunr
1367 4253 1476 4322 ierunt,

334 4375 441 4438 parere
464 4375 497 4417 sc
521 4374 623 4417 versus
645 4374 728 4416 more
751 4363 840 4436 atque
861 4357 921 4416 ritu
945 4357 1065 4416 ursinu'
1088 4373 1114 4415 e.
1139 4372 1167 4433 q.
1191 4373 1214 4415 s.
1265 4353 1379 4426 Quibus
1402 4370 1477 4430 quac

333 4461 458 4545 propius
482 4459 570 4520 ctiam
593 4457 630 4520 ab
652 4458 747 4540 ipsius
770 4458 848 4520 Varii
872 4457 969 4522 verbis
992 4457 1097 4520 abesse
1119 4457 1286 4540 putaverim
1307 4455 1387 4518 idem
1403 4455 1475 4516 Suc·
