3212 5042
607 451 849 500 raotncouhhn.

604 927 737 1004 Oarur
765 928 853 1002 IIII.

358 1092 421 1173 De
451 1091 832 1200 interpolationibus
867 1091 1095 1200 georgicon.
1152 1044 1153 1048 l

667 1305 793 1314 ...—.—

237 1446 334 1521 htque
357 1442 412 1503 alia
436 1457 554 1526 quoqne
577 1441 739 1503 cavendum
762 1460 800 1503 ne
822 1449 927 1522 poetae
949 1460 1072 1503 manum
1093 1439 1203 1502 habeas
1225 1442 1299 1518 quae

154 1545 460 1622 lusitanterpolutor.
504 1543 570 1604 Non
592 1542 658 1604 dico
681 1542 762 1604 illam
791 1543 827 1604 ad
849 1545 862 1604 Ι
882 1541 945 1606 299
971 1543 1124 1624 panoniam
1151 1543 1299 1604 obtrecta-

156 1650 236 1718 toris,
263 1664 339 1725 qaae
361 1647 391 1706 in
415 1653 532 1706 nostros
548 1644 642 1706 libros
657 1664 717 1707 non
734 1647 858 1707 transiit.
889 1647 1090 1726 Nympharum
1106 1663 1225 1726 qnoque
1248 1663 1300 1704 no-

156 1751 236 1810 mina
252 1745 394 1818 1111338,
412 1764 489 1824 quae
506 1765 540 1806 ex
556 1752 629 1810 Aen.
646 1748 669 1807 V
685 1743 747 1810 826
762 1748 950 1828 irrepserunt
964 1750 994 1808 in
1018 1747 1182 1808 deteriores
1196 1746 1299 1814 libros,

156 1851 265 1912 desunt
286 1852 316 1910 in
341 1850 430 1910 MPR
452 1867 507 1910 nec
530 1867 546 1908 a
569 1849 672 1910 Servio
695 1848 879 1928 legebantur.
925 1849 983 1911 Sed
1005 1851 1036 1909 iu
1060 1849 1173 1928 Orphei
1202 1847 1301 1910 sabula

156 1961 222 2033 post
246 1951 300 2013 llll
322 1947 386 2012 472
408 1959 521 2011 temere
543 1951 663 2030 repetiti
686 1969 721 2010 ex
736 1951 875 2013 Aeneidis
896 1951 931 2012 Vl
943 1969 1043 2012 versus
1060 1949 1131 2012 311.
1149 1945 1222 2011 310.
1238 1946 1301 2010 312

156 2059 186 2115 in
216 2053 320 2115 codice
347 2053 491 2114 Romano.
546 2053 607 2114 Nec
634 2054 801 2132 suspicione
828 2061 911 2113 caret
941 2054 1025 2113 cuias
1055 2051 1238 2113 simillimum
1270 2051 1301 2109 in

156 2160 228 2218 hen.
254 2156 290 2216 Vl
313 2152 375 2216 783
398 2153 567 2234 exemplum
590 2153 668 2215 redit
690 2154 814 2240 secundi
841 2153 910 2214 libri
934 2172 958 2215 v.
982 2150 1058 2224 535,
1088 2171 1176 2234 quem
1199 2151 1300 2212 Peerl-

156 2257 283 2338 hampus
304 2257 324 2318 l.
348 2255 368 2317 l.
390 2275 420 2335 p.
446 2253 506 2316 162
529 2263 559 2316 et
573 2252 637 2318 380
658 2254 713 2316 vel
727 2255 894 2317 eiciendum
916 2255 962 2317 vel
985 2261 1053 2316 ante
1067 2251 1131 2317 534
1153 2253 1301 2315 collocan-

157 2357 229 2420 dum
261 2365 371 2418 censet.
423 2358 512 2418 Deest
538 2359 569 2417 in
598 2357 731 2418 Mediceo
760 2358 862 2418 saltem
892 2367 921 2419 et
948 2359 979 2418 iu
1006 2356 1125 2419 scholiis
1154 2357 1303 2418 Servianis

157 2479 213 2522 nec
237 2459 273 2520 ab
296 2459 357 2520 ullo
380 2460 527 2538 scriptore
556 2467 657 2521 vetere
687 2468 937 2522 commemoratur
964 2478 1066 2522 versus
1088 2459 1114 2520 ll
1136 2455 1214 2529 433,
1244 2475 1302 2535 quo

157 2564 212 2623 PR
226 2563 374 2639 inquinati
397 2568 476 2631 sunt,
499 2569 599 2622 tamen
621 2570 654 2622 ut
675 2561 914 2641 interpolationis
936 2561 1078 2624 indicium
1101 2560 1221 2640 aliquod
1244 2561 1302 2622 Ro·

157 2682 263 2725 manus
297 2681 414 2743 quoquc
443 2664 561 2724 inverso
589 2663 832 2726 antecedentium
860 2683 998 2728 versuum
1025 2661 1088 2726 431
1118 2650 1165 2742 sq.¹
1198 2662 1303 2723 ordine

157 2766 330 2826 servaverit.
375 2763 547 2826 Absurdum
570 2767 650 2828 enim
681 2775 726 2828 est
749 2783 894 2844 quaerere
930 2771 977 2828 ‘et
1005 2767 1141 2828 dubitant
1168 2764 1304 2824 homines

160 2915 217 2930 ...
241 2866 408 2947 inpendere
432 2869 553 2928 curam?
580 2915 588 2938 ‚
618 2867 668 2929 ubi
691 2869 938 2930 commendantur
961 2872 1036 2947 quac
1060 2870 1124 2930 sine
1147 2868 1229 2927 omni
1250 2866 1304 2925 ho·

157 2972 274 3030 minum
298 2969 421 3044 cultura,
447 2969 499 3030 uhi
522 2969 614 3030 semel
637 2981 698 3031 sata
721 2978 804 3040 sunt,
834 2979 954 3051 sponte,
984 2977 1061 3032 ‘non
1085 2971 1187 3030 rastris
1209 2968 1304 3028 homi·

159 3091 240 3142 num,
265 3089 325 3131 non
348 3070 401 3131 ulli
424 3071 552 3132 obnoxia
575 3077 680 3133 curae’
705 3080 854 3135 crescunt,
884 3072 1043 3134 adhortari
1066 3081 1164 3134 autem
1186 3070 1304 3131 attalia

157 3175 347 3255 potissimum
370 3181 471 3234 serant
493 3173 645 3253 agricolas
673 3182 791 3254 poetam
823 3182 954 3237 extrema
983 3175 1103 3236 demum
1130 3173 1217 3234 huius
1247 3172 1304 3232 loci

158 3275 399 3358 partcjlecehat,
431 3275 483 3336 uhi
505 3282 604 3338 tamen
627 3277 800 3357 pulchriora
821 3279 921 3356 posuit
942 3296 969 3338 v.
992 3274 1055 3339 454
1083 3275 1170 3357 ‘quid
1193 3293 1303 3336 memo-

159 3379 288 3440 randum
313 3395 406 3455 aeque
430 3378 576 3440 Baccheia
604 3379 682 3440 dona
705 3378 872 3442 tulerunti'
897 3400 922 3442 e.
948 3397 976 3458 q.
1000 3399 1024 3440 s.
1069 3379 1250 3458 Quamquam
1275 3385 1305 3438 et

160 3480 374 3560 Peerlkampus
395 3500 437 3560 ps
452 3476 513 3542 154
536 3489 565 3542 et
587 3481 735 3543 Hanovius
763 3481 864 3544 sched.
895 3484 960 3544 crit.
984 3501 1013 3561 p.
1039 3479 1079 3543 10
1106 3483 1227 3542 omnino
1256 3499 1304 3540 re·

159 3584 359 3662 pudiaverunt
379 3603 423 3643 vv.
447 3579 633 3654 454-457,
670 3601 743 3662 quos
778 3592 876 3646 tamen
911 3586 1038 3664 scriptos
1071 3605 1087 3646 a
1120 3591 1207 3664 pocta
1241 3600 1305 3643 esse

158 3684 258 3746 nullus
281 3684 394 3746 dubito.
443 3686 516 3747 Nam
531 3686 638 3760 'studet
659 3694 747 3768 poeta
770 3686 912 3748 arborum
935 3688 1078 3748 culturam
1102 3705 1174 3768 prae
1197 3687 1305 3746 vinetis

160 3787 355 3868 popularibus
378 3788 601 3850 commendare:
635 3809 669 3850 eo
701 3790 824 3852 consilio
852 3792 1001 3871 queritur,
1030 3789 1171 3851 curandis
1198 3788 1306 3848 vitibus

164 3907 325 3968 numquam
348 3893 419 3952 satis
441 3890 553 3952 laboris
575 3911 663 3972 posse
686 3893 809 3974 inpendi
832 3894 868 3973 (v.
892 3891 954 3955 397
977 3893 1051 3974 sqq.)
1081 3911 1136 3952 ner.
1165 3910 1305 3970 nmquam

163 4001 255 4054 totum
278 4012 333 4073 per
356 4012 466 4055 annum
488 3995 585 4066 finiri,
611 4002 640 4056 et
661 3996 720 4057 iam
742 3997 866 4079 maturis
894 3997 957 4056 uvis
985 3994 1178 4056 metuendum
1208 3993 1305 4053 lovem

163 4097 200 4174 (v.
222 4093 313 4172 419);
346 4103 448 4158 contra
472 4105 501 4158 ct
523 4097 603 4159 oleas
627 4105 656 4158 et
681 4117 769 4178 poma
798 4104 828 4158 et
850 4116 955 4159 nemus
984 4116 1072 4158 omne
1094 4099 1159 4178 ipso
1183 4103 1306 4156 naturae

164 4198 307 4258 beneficio
329 4198 395 4259 coli.
425 4201 462 4261 Vt
483 4201 573 4278 igitur
594 4218 621 4261 v.
644 4195 708 4262 425
730 4200 836 4262 suadet
858 4202 933 4262 ‘hoc
954 4202 1104 4280 pinguem'
1118 4207 1148 4260 et
1169 4198 1306 4279 placitam
1348 4221 1349 4225 ¹

162 4299 230 4360 Paci
258 4302 387 4362 nutritor
410 4301 543 4372 olivam’,
572 4304 612 4363 ita
641 4310 809 4365 ceterarum
839 4321 956 4383 quoque
983 4303 1125 4364 arborum
1152 4301 1246 4381 pretia
1277 4301 1307 4358 in

162 4403 219 4462 dne
242 4403 334 4462 totius
357 4405 462 4483 capitis
485 4401 586 4464 extolli
610 4413 842 4467 consentaneum
866 4413 921 4466 est.
962 4406 1023 4467 Nec
1053 4404 1214 4466 verendam
1244 4409 1307 4460 erat

164 4522 200 4564 ne
223 4503 271 4564 dei
294 4523 403 4566 numen
428 4507 536 4567 violare
561 4507 720 4576 videratur,
745 4510 769 4568 si
792 4507 958 4587 periculosa
983 4525 1047 4570 esse
1064 4505 1207 4568 Baccheia
1225 4503 1307 4564 ‘dona
1330 4529 1337 4546 ·

213 4621 349 4670 arneson,
369 4624 528 4662 raotsoou.
1084 4608 1105 4670 4
