3212 5042
310 369 352 434 42
702 385 708 396 “
759 391 1003 436 euouccouuun.

310 558 479 623 233-251
503 535 732 630 atnoe-275,
757 566 889 620 celerum
913 560 1011 620 omnia
1033 561 1076 620 sic
1104 561 1167 620 lere
1189 563 1219 622 in
1243 569 1353 626 textum
1376 567 1458 628 inse·

313 663 405 724 renda
428 664 531 732 luisse,
556 671 589 723 ul
611 663 728 722 omissis
750 658 918 722 204-207
942 681 973 723 se
1002 662 1175 741 exciperent
1204 662 1292 725 haec:
1323 663 1387 728 257
1411 687 1456 748 sq.

310 759 488 826 252-256.
512 760 571 825 231
598 785 641 844 sq.
664 760 843 826 233-251.
868 759 1048 824 208-230.
1071 761 1251 826 uto-286.
1274 762 1455 831 259-275.

310 863 488 928 287-310.
523 866 670 944 Pergebat
685 867 775 944 igitur
798 885 814 926 a
837 865 930 942 signis
952 865 1110 926 duodecim
1133 866 1169 927 ad
1193 867 1302 938 lunam,
1327 869 1396 930 indc
1419 849 1458 933 ad

311 969 381 1030 solis
405 971 490 1029 vices

396 1071 454 1132 Sed
477 1073 580 1132 nesic
602 1071 722 1151 quidem
746 1073 844 1132 omnia
867 1073 938 1132 satis
959 1063 1055 1151 plana.
1102 1071 1175 1132 Nam
1199 1073 1277 1152 qnod
1301 1093 1327 1133 v,
1350 1071 1457 1136 287-

310 1170 374 1235 290
396 1169 487 1234 multa
511 1173 591 1235 velut
611 1180 767 1253 pratorum
791 1183 944 1234 tonsuram
967 1172 1074 1233 melius
1096 1171 1193 1250 gelida
1207 1183 1295 1236 nocte
1311 1177 1376 1236 lieri
1391 1196 1455 1238 mo-

310 1293 433 1346 nemur,
467 1283 582 1354 spectat
614 1275 671 1336 hoc
698 1283 801 1355 aperte
829 1275 865 1336 ad
892 1282 995 1336 noctes
1019 1275 1157 1336 aestivas:
1193 1275 1240 1336 his
1261 1278 1352 1355 igitur
1372 1286 1457 1340 recte

311 1397 445 1456 opponas
474 1377 554 1457 quod
584 1378 620 1438 de
643 1377 787 1439 caedendi
815 1385 843 1437 et
870 1375 987 1437 terendi
1014 1377 1155 1438 frumenti
1183 1384 1319 1458 tempore
1347 1398 1456 1460 oppor-

312 1487 384 1540 tuno
418 1479 547 1542 breviter
581 1480 763 1557 significatur
790 1497 815 1539 v.
840 1475 902 1540 297
926 1498 969 1558 sq.
1020 1477 1077 1540 Ubi
1099 1480 1206 1540 merito
1229 1479 1457 1561 Peerlkampum

310 1601 339 1661 p.
369 1577 433 1643 375
463 1580 586 1642 ollendit
613 1582 722 1640 mirum
755 1588 785 1640 et
819 1582 1000 1641 contrarium
1029 1581 1238 1643 consuetudini
1264 1589 1459 1662 praeceptum

312 1673 360 1744 ‘at'
381 1684 479 1744 medio
502 1681 669 1744 rubicunda
685 1683 775 1743 Ceres
796 1682 959 1743 succiditur
981 1686 1093 1744 aestu'
1118 1682 1200 1754 Quae
1216 1681 1249 1745 G.
1267 1685 1458 1748 Hermannus

311 1801 431 1862 quoque
460 1784 529 1845 olim
563 1783 754 1846 adnotaverat
782 1783 817 1864 (v.
850 1784 990 1844 Meinekii
1024 1783 1169 1864 supplem.
1199 1772 1266 1848 adn.
1291 1782 1378 1866 480)-
1397 1805 1459 1848 non

312 1887 383 1948 satis
398 1877 566 1948 'convenire
589 1903 657 1946 cum
679 1865 865 1946 Theocriteis
887 1886 934 1946 his
956 1886 980 1946 X
1004 1882 1047 1946 49
1069 1905 1150 1978 sqq:

401 2035 404 2042 ⁴
460 2009 542 2064 σῖτον
559 1995 724 2077 ἆλοιῶννιις
738 1997 862 2084 φεύγειν
878 1994 910 2064 τὸ
925 1995 1127 2084 μεσαμβρινὸν
1142 1995 1264 2066 ὑπνῶν
1351 1999 1359 2015 ’

466 2087 499 2150 ἐκ
514 2083 651 2169 καλάμοις
665 2083 778 2170 ἄχυρον
793 2087 907 2150 τελέθει
922 2085 1047 2167 ταμόσόε
1061 2081 1199 2166 μάλιστα.

461 2169 605 2254 ἄρχεσθαι
621 2170 649 2234 d’
666 2166 805 2250 ιἰμῶντιις
820 2171 996 2254 ἐγειρομὲνω
1012 2175 1185 2249 κορυδαλλῶ

464 2259 516 2322 καὶ
541 2256 641 2341 λήγειν
663 2255 816 2334 εὕδοντος,
840 2257 1014 2320 eluviem
1034 2257 1070 2321 dd
1091 2250 1131 2320 τὸ
1153 2261 1288 2340 καῦμα.

311 2381 414 2461 ltaque
436 2380 531 2463 probo
554 2399 641 2460 quam
664 2381 875 2460 Peerlkampus
898 2381 1055 2460 proposuit
1077 2380 1327 2442 emendationem:

516 2520 572 2561 nec
595 2503 744 2560 rubicunda
767 2503 849 2560 Ceres
869 2503 958 2560 medio
982 2503 1132 2560 succiditur
1153 2511 1240 2568 aestu,

424 2639 426 2642 .
515 2596 545 2646 ct
568 2589 657 2646 medio
680 2597 768 2646 tostas
791 2596 869 2645 aestu
893 2589 957 2644 terit
979 2605 1041 2645 area
1064 2587 1160 2662 fruges

313 2705 428 2784 hosque
450 2722 555 2765 versus
578 2705 676 2764 statim
698 2715 765 2784 post
789 2725 813 2764 v.
836 2700 901 2764 290
922 2702 1122 2764 adnectendos
1145 2723 1262 2766 censeo.

395 2806 458 2872 lam
483 2823 558 2884 quae
580 2813 723 2867 secuntur·
746 2826 770 2866 v.
794 2802 857 2867 299
881 2805 998 2867 ‘nudus
1020 2825 1087 2876 ara,
1117 2825 1184 2866 scre
1210 2807 1327 2875 nudus;
1363 2806 1460 2868 hiems

313 2911 418 2986 ignava
441 2907 565 2969 colono'
589 2917 711 2988 apparet
733 2926 792 2968 non
816 2908 851 2968 ad
876 2908 950 2978 diei,
979 2907 1031 2968 sed
1054 2907 1090 2969 ad
1113 2910 1182 2968 anni
1205 2915 1322 2988 tempus
1346 2909 1458 2987 eligen-

311 3011 382 3071 dum
405 3017 542 3090 spectare
566 3017 595 3071 et
618 3011 653 3072 ad
678 3009 803 3071 hiberna
826 3028 918 3090 opera
946 3011 1104 3070 transitum
1132 3028 1257 3088 parare,
1287 3009 1324 3072 de
1351 3011 1460 3090 quibus

315 3132 340 3173 r.
364 3109 535 3175 300-310
557 3112 681 3183 dicitur,
711 3112 816 3190 hisque
844 3111 890 3172 vel
912 3119 980 3192 post
1003 3130 1027 3170 v.
1051 3108 1115 3172 310
1144 3110 1187 3171 vel
1217 3119 1285 3172 ante
1306 3109 1370 3174 305
1392 3120 1461 3192 apte

312 3214 456 3295 adiungas
479 3233 505 3276 v.
528 3211 707 3276 291-296.

400 3316 452 3380 llla
467 3325 576 3386 antem,
602 3336 676 3397 qnae
699 3316 837 3396 ‘frigidos
853 3315 1012 3395 agricolam
1029 3315 1188 3396 siquando
1204 3317 1338 3376 continet
1352 3315 1459 3387 imber,

315 3426 468 3480 maturare
490 3419 587 3482 datur'
611 3438 745 3499 quaeque
767 3420 852 3479 lestis
875 3416 980 3478 diebus
1003 3437 1144 3480 exercere
1167 3417 1237 3480 licet
1260 3415 1460 3500 (noe-275),

316 3521 353 3581 ad
376 3522 495 3596 aestatis
517 3522 616 3598 potius
632 3540 719 3600 qnam
735 3520 771 3582 ad
787 3520 894 3580 hiemis
908 3520 1026 3598 negotia
1041 3521 1193 3598 pertinent
1207 3522 1254 3596 (cl.
1268 3539 1293 3580 v.
1307 3517 1390 3599 260),
1408 3519 1460 3582 sed

315 3621 435 3684 vinculo
447 3641 506 3702 quo
518 3641 584 3684 curn
598 3621 663 3683 aliis
674 3621 851 3702 copulentur
862 3638 986 3702 prorsus
999 3622 1138 3684 destituta
1151 3629 1228 3691 sunt,
1246 3629 1404 3684 etcertum
1419 3624 1462 3683 eis

316 3723 415 3786 locum
439 3725 596 3801 adsignare
619 3722 738 3786 difficile
761 3726 808 3786 sil.
854 3724 928 3786 Nam
952 3741 1027 3801 qnae
1042 3723 1150 3786 hiemis
1166 3742 1257 3803 opera
1273 3731 1340 3803 post
1354 3744 1380 3784 v.
1396 3721 1462 3786 310

315 3833 457 3889 secuntur
486 3827 638 3888 auctumni
662 3832 854 3905 tempestates
888 3833 918 3886 et
948 3825 1046 3886 sidera
1064 3817 1350 3906 ¹tempestatumque
1377 3827 1460 3905 signa

313 3936 372 3989 tam
395 3930 474 3990 inter
496 3947 528 3990 se
550 3947 625 3990 nexa
649 3936 678 3989 et
706 3935 806 3990 coacta
836 3945 928 4007 usque
956 3927 993 3988 ad
1022 3934 1187 3988 extremum
1215 3927 1325 3988 librum
1353 3927 1460 3990 decur-

313 4037 399 4100 runt,
431 4037 463 4092 ut
491 4029 664 4092 intrudendi
692 4030 748 4092 alia
770 4029 851 4091 nulla
873 4031 995 4090 omnino
1024 4037 1166 4108 appareat
1197 4031 1326 4091 occasio.
1381 4030 1460 4108 Engo

314 4150 374 4192 non
397 4132 565 4194 mirandum
590 4132 669 4210 quod
692 4151 730 4192 ne
752 4132 855 4192 amicis
878 4129 998 4210 quidem
1027 4130 1153 4192 schedas
1181 4151 1197 4191 a
1225 4139 1313 4210 poeta
1341 4131 1462 4193 relictas

315 4233 509 4312 probabiliter
532 4234 671 4311 ordinare
694 4235 826 4324 contigit.

399 4337 537 4398 Ceterum
567 4339 746 4417 scripseram
777 4335 866 4405 haec,
902 4353 969 4396 curn
996 4336 1160 4396 Hanovium
1197 4352 1315 4412 quoqne
1343 4334 1402 4394 vidi
1431 4336 1462 4396 in

315 4437 414 4500 sehed.
440 4439 505 4500 crit.
529 4457 559 4517 p.
584 4436 602 4502 7
626 4455 691 4518 sqq.
715 4439 826 4498 frustra
848 4438 880 4498 in
902 4437 959 4498 hoc
980 4436 1047 4498 loco
1068 4435 1219 4508 laborare,
1250 4438 1307 4498 nisi
1329 4436 1408 4514 quod
1432 4445 1463 4498 et
