3276 5050
304 363 381 450 108'
749 406 996 450 rnocneouuun.
1038 397 1040 400 ’

302 595 391 656 quam
413 575 479 638 aliis
502 577 626 654 argutiis
649 584 816 638 excusatur.
862 577 1080 650 Quaesiverunt
1108 595 1162 638 cur
1184 585 1252 657 post
1273 579 1365 640 visam
1390 598 1451 641 ma·

302 687 377 740 trem
403 675 518 758 11402)
543 679 632 739 etiam
655 680 789 740 timuerit
801 681 916 741 Aeneas
930 675 1022 759 (450),
1046 699 1100 741 cur
1123 681 1148 741 si
1170 679 1450 747 ε131111111311131133-

301 783 357 843 113’
380 780 485 861 Apollo
509 788 581 851 3131,
606 781 677 842 13331
699 781 821 842 Troiani
844 801 912 844 eum
935 783 1095 862 petiverint
1118 777 1266 864 (1112761.
1289 782 1449 866 Romulum

301 885 400 946 minus
423 883 531 944 decere
552 884 646 944 visum
663 882 741 969 quod
764 883 868 965 ‘lupae
891 885 1017 946 nutricis
1033 886 1162 964 tegmine
1177 884 1283 946 laetus’
1300 885 1452 948 diceretur

301 985 314 1046 l
337 981 410 1047 275.
449 985 510 1046 1133
525 984 702 1064 sacrilegum
725 985 876 1048 bominem
892 987 1070 1048 Mezentium
1088 986 1169 1066 (Aen.
1193 986 1219 1048 X
1242 983 1314 1067 861)
1338 1006 1393 1049 nec
1421 990 1452 1048 in

303 1088 414 1167 eclogis
435 1087 564 1148 rusticos
587 1086 652 1163 (ecl.
676 1084 768 1168 1165)
791 1088 903 1168 placuit
924 1088 1141 1169 philosophari.
1164 1162 1167 1171 ι

386 1207 482 1270 Filum
505 1209 683 1269 narrationis
705 1209 803 1268 minus
825 1208 1009 1289 aequabilem
1032 1207 1077 1268 vel
1100 1207 1189 1269 nimis
1218 1206 1381 1287 abruptum
1411 1211 1450 1269 ri·

301 1317 530 1390 tuperaverunt:
565 1309 724 1372 voluerunt
753 1311 831 1370 enim
861 1319 890 1372 et
917 1309 1050 1389 singulos
1072 1311 1151 1371 iuter
1174 1328 1206 1371 se
1228 1308 1321 1371 libros
1344 1318 1373 1371 et
1396 1309 1450 1371 ho·
1521 1359 1523 1364 .

301 1433 368 1474 rum
391 1414 526 1493 ipsorum
555 1419 656 1492 partes
686 1419 715 1473 et
737 1414 833 1492 capita
861 1411 969 1474 leniter
992 1430 1105 1473 conexa
1136 1430 1200 1473 csse
1225 1410 1355 1492 (Servius
1377 1414 1450 1475 Aen.

300 1511 394 1576 11111
423 1514 462 1575 111
487 1511 503 1574 l
532 1511 682 1595 Χ15321,
720 1513 885 1596 eodemque
919 1513 1018 1576 studio
1049 1514 1228 1576 tenebantur
1256 1515 1307 1592 qui
1335 1523 1451 1576 sextum

299 1615 410 1677 librum
434 1617 535 1697 quinti
564 1615 680 1678 duobus
703 1615 816 1678 ultimis
839 1616 973 1679 versibus
996 1611 1228 1678 exaudiebantur
1261 1618 1323 1677 sive
1346 1618 1450 1679 Varius

302 1725 331 1777 et
353 1717 451 1778 Tucca
473 1719 595 1780 luerunt
616 1720 678 1780 sive
700 1721 765 1799 quis
789 1737 892 1780 eorum
915 1721 1121 1781 auctoritatem
1144 1719 1295 1780 mentitus.

387 1837 512 1898 Notatur
534 1857 626 1918 porro
649 1857 708 1899 non
730 1841 802 1899 satis
824 1841 939 1917 integra
968 1846 997 1898 et
1024 1844 1162 1898 accurata
1184 1839 1332 1899 narratio:
1370 1839 1449 1918 quod

300 1937 391 2002 1193
415 1959 475 2001 non
497 1939 608 2001 indicat
630 1947 717 2019 poeta
741 1959 798 2021 quo
822 1939 911 2002 delati
926 1942 986 2002 sint
1001 1943 1081 2002 cervi
1096 1947 1221 2020 septem,
1245 1959 1320 2020 quos
1335 1942 1450 2001 Aeneas

300 2043 414 2121 sagittis
438 2044 609 2120 prostravit,
634 2045 767 2119 quamvis
789 2043 818 2102 id
840 2044 939 2122 ipsum
962 2061 1051 2108 versu
1074 2044 1213 2121 sequenti
1235 2041 1356 2103 brevius
1378 2027 1449 2102 sane

299 2145 491 2222 significetur.
542 2144 603 2204 Nec
624 2144 654 2204 id
676 2146 740 2204 sine
764 2145 980 2224 vituperatione
1009 2146 1256 2224 praetermissum
1279 2143 1358 2224 quod
1382 2144 1449 2204 ‘so-

300 2247 354 2307 ciis
376 2246 501 2306 diversis
523 2245 619 2306 modis
641 2244 862 2307 laborantibus'
887 2246 1013 2307 venandi
1035 2244 1085 2306 ille
1107 2246 1259 2326 voluptate
1281 2247 1406 2306 lruatur.

367 2382 481 2442 ‘Mirati
504 2389 573 2441 suut
596 2379 774 2443 clamantem
790 2383 861 2442 Aen.
886 2378 989 2442 11668
1005 2383 1125 2444 Aenean
1148 2383 1258 2449 ‘arma
1283 2381 1347 2450 viri,
1372 2382 1449 2442 lerte

299 2487 399 2546 arma'
423 2501 510 2563 quem
535 2483 709 2563 deposuisse
729 2502 811 2546 arma
828 2502 973 2563 nusquam
996 2483 1104 2544 lectum
1128 2484 1180 2552 sit;
1206 2481 1284 2561 quod
1307 2483 1395 2544 ctiam
1418 2484 1448 2542 in

299 2585 420 2646 scholiis
435 2585 658 2646 Veronensibus
681 2585 717 2646 ad
741 2585 820 2646 hunc
842 2604 960 2646 versum
985 2587 1064 2664 tangi
1087 2584 1132 2645 vel
1154 2583 1258 2646 mutila
1282 2583 1371 2646 verba
1394 2585 1446 2645 do·

177 2714 180 2720 ·
259 2755 263 2762 ,
300 2694 376 2748 cent.
435 2687 508 2748 Nam
538 2704 626 2764 quam
655 2687 759 2748 ultimo
793 2687 859 2748 loco
894 2689 995 2767 posuit
1022 2687 1145 2748 Servius
1172 2685 1352 2748 solutionem
1386 2686 1448 2747 ‘vel

300 2792 368 2867 quia
392 2791 482 2850 armis
505 2789 687 2850 Graecorum
710 2789 808 2850 luerat
830 2789 981 2850 armatus’
1011 2787 1059 2870 (31.
1081 2808 1109 2850 v.
1134 2785 1217 2868 390),
1243 2806 1306 2848 eam
1330 2788 1448 2870 plenius

299 2892 497 2952 aVeronensi
518 2892 683 2970 interprete
706 2892 869 2970 expositam
893 2891 987 2952 luisse
1009 2890 1139 2970 produnt
1153 2891 1286 2971 quamvis
1307 2897 1447 2970 corrupta

300 2999 329 3054 et
351 2993 452 3056 mutila
476 2993 562 3054 haec:
587 2998 736 3054 ‘armatus
758 2995 872 3055 Aeneas
895 3000 963 3054 ante
986 3012 1065 3054 arma
1089 2991 1244 3060 lelellerit,
1275 2990 1327 3052 sed
1352 2995 1446 3054 Grae·

298 3115 403 3158 corum
424 3097 583 3158 habebut)
626 3096 721 3175 Atque
743 3093 953 3175 praecedentia
976 3112 1103 3176 quoque,
1129 3096 1184 3156 3131
1206 3093 1321 3154 diversa
1344 3093 1446 3153 aSer·
1485 3129 1491 3136 -

298 3199 405 3267 vianis,
435 3198 470 3259 ad
494 3195 618 3260 eandem
640 3203 776 3277 spectant
804 3199 1022 3278 quaestionem:
1050 3197 1156 3276 ‘atque
1178 3195 1207 3256 id
1232 3243 1239 3258 .
1264 3241 1272 3256 .
1296 3241 1303 3254 .
1328 3241 1335 3254 .
1366 3195 1446 3274 peri·

300 3299 424 3361 clitari.'

383 3417 467 3480 Unde
490 3418 626 3479 scivisset
637 3418 844 3480 Andromache
861 3419 1002 3480 Creusam
1026 3418 1151 3496 periisse
1175 3416 1387 3496 quaesiverunt
1409 3416 1445 3478 ad

298 3520 338 3580 111
360 3516 431 3581 341.
455 3519 572 3580 Futtilia
590 3539 666 3600 quae
683 3523 712 3581 in
725 3519 820 3581 Guell.
838 3519 898 3581 lad
918 3520 996 3580 tertii
1015 3517 1084 3579 libri
1098 3519 1215 3580 initium
1231 3517 1382 3599 leguntur.
1411 3520 1447 3580 At

299 3623 408 3682 merito
431 3621 663 3702 reprehenditur
684 3624 757 3684 Aen.
783 3623 832 3682 Vll
856 3619 926 3691 123,
952 3620 1001 3682 ubi
1024 3622 1133 3700 repetit
1155 3621 1270 3682 Aeneas
1291 3619 1445 3682 oraculum

298 3725 382 3804 quasi
404 3723 541 3784 relictum
564 3723 620 3784 sibi
643 3723 679 3785 ab
702 3724 829 3785 Anchisa
852 3723 930 3800 quod
955 3722 1089 3784 ediderat
1110 3721 1237 3802 Celaeno
1261 3718 1395 3784 111255.

384 3843 540 3903 Pertinent
561 3841 593 3903 bi
618 3841 675 3903 loci
698 3842 734 3903 ad
757 3861 861 3904 eorum
877 3860 1044 3913 numerum,
1068 3841 1177 3922 quibus
1192 3844 1445 3903 ‘commemoran-

249 3947 253 3956 '
298 3952 347 4005 tur
370 3962 445 4022 <prae
468 3963 527 4004 non
551 3953 619 4006 sunt
641 3951 710 4006 ante
725 3945 894 4025 praedicta’
917 3946 1027 4025 quique
1049 3943 1303 4024 ‘antapodoseos'
1325 3945 1446 4004 nomine

299 4043 525 4124 colligebantur.
576 4046 665 4108 Velut
687 4047 822 4108 ‘decima
850 4048 1064 4125 antapodosis’
1092 4053 1193 4108 notata
1215 4046 1289 4123 Aen„
1311 4041 1445 4115 111454,

299 4146 351 4208 ubi
381 4148 499 4208 occisus
528 4148 623 4210 Numa
653 4156 921 4218 commemoratur,
956 4149 993 4210 dc
1027 4151 1110 4211 culus
1137 4147 1228 4210 caede
1256 4143 1328 4208 nibil
1356 4163 1444 4226 supra

299 4256 452 4311 narratum
483 4258 556 4310 erat.
613 4249 686 4311 lllud
721 4269 839 4330 quoque
870 4252 978 4313 mirum
1008 4249 1185 4329 quibusdam
1221 4249 1331 4317 visum,
1366 4247 1444 4328 quod

298 4350 548 4420 Achaemenides,
578 4353 662 4413 cuius
685 4371 830 4432 nusquam
854 4371 943 4433 supra
967 4355 1080 4414 mentio
1102 4354 1194 4420 lacta,
1224 4353 1330 4411 merito
1352 4349 1444 4429 recipi

299 4473 314 4514 a
338 4455 474 4515 Troianis
496 4453 622 4515 traditur
646 4454 726 4534 (Aen.
750 4451 895 4540 111667).
