3212 5042
609 419 851 464 enocneouunn.
920 393 928 400 ’
1266 399 1308 462 55

159 609 245 669 quam
270 590 415 650 examinis
438 607 488 649 ver
510 591 548 650 sit
568 591 634 668 ipse
649 589 764 670 Hygino
786 597 816 650 et
831 589 1127 650 Vossio'auctoribus
1151 597 1306 670 postquam

159 694 326 754 rectissime
348 693 496 762 indicavit,
520 692 679 752 levissimis
702 694 885 769 argumentis
900 710 983 752 suam
999 693 1063 770 ipse
1079 692 1306 770 explicationem

160 796 329 872 intringere
359 801 483 855 conatus
513 813 547 854 ex
571 793 695 854 Palatini
724 793 893 873 corruptela
921 793 1001 854 dvo
1029 813 1085 872 pro
1108 794 1179 856 SVO
1208 795 1308 856 clicuit

160 915 218 976 quo
240 900 321 958 ueris
343 899 526 958 mentionem
547 898 578 956 in
600 914 712 958 morem
734 903 879 971 mutaret,
909 914 1035 974 prorsus
1063 896 1092 954 id
1116 896 1236 972 quidem
1259 899 1304 958 in-

160 998 365 1078 probabiliter.
396 999 470 1061 Nam
486 997 578 1059 latere
600 999 630 1058 in
647 997 771 1060 Palatini
792 1001 847 1060 ista
869 1000 1016 1077 scriptura
1038 1015 1115 1059 nouo
1138 999 1307 1060 etiamnunc

163 1102 308 1180 suspicor,
333 1101 412 1180 quod
435 1110 533 1162 tamen
557 1108 673 1179 poetam
697 1102 854 1179 scripsisse
875 1119 912 1160 ne
928 1099 998 1160 olim
1014 1099 1132 1178 quidem
1149 1100 1304 1162 contendi:

161 1204 251 1263 immo
274 1202 381 1264 similis
403 1199 545 1264 loci143
562 1202 698 1281 exemplo
720 1201 858 1263 inductus
873 1209 906 1262 ut
926 1220 1014 1281 saepe
1030 1201 1137 1277 aliquis
1158 1202 1306 1264 diortlrola

161 1307 351 1387 coniecturae
374 1292 539 1384 periculum
563 1305 668 1364 secisse
692 1304 817 1365 videtur.

245 1407 307 1468 Nec
335 1408 488 1468 consentio
519 1405 597 1483 quod
627 1406 704 1466 idem
734 1405 753 1466 l.
783 1405 802 1465 l.
832 1424 861 1484 p.
886 1403 906 1466 6
935 1424 981 1484 ge.
1007 1407 1018 1466 l
1043 1403 1210 1467 tet-192
1240 1418 1307 1486 post

163 1506 225 1569 203
250 1508 489 1587 transponendus
512 1510 612 1568 suasit.
657 1508 731 1568 Nam
747 1509 875 1586 primum
891 1508 952 1568 hiat
967 1510 1045 1569 inter
1062 1527 1103 1568 vr.
1124 1506 1183 1569 186
1199 1517 1228 1569 et
1246 1507 1306 1570 193

162 1613 271 1680 oratin;
298 1617 362 1670 tum
386 1609 445 1671 n‘on
474 1610 680 1670 animadvertit
708 1596 806 1670 solere
828 1609 989 1687 Vergilium
1019 1610 1134 1688 singula
1162 1629 1306 1689 praccep-

159 1721 259 1773 torum
290 1715 385 1791 capita
413 1713 484 1772 item
515 1720 548 1771 ut
575 1711 668 1772 libros
696 1710 828 1789 singulos
851 1710 989 1788 graviore
1017 1712 1062 1772 vel
1092 1712 1189 1791 aliquo
1218 1713 1305 1772 medo

46 1823 59 1838 ²
159 1815 323 1891 insigniore
347 1815 407 1874 sive
430 1815 575 1873 sententia
598 1814 658 1874 sive
680 1813 811 1890 imagine
833 1822 866 1873 ut
893 1813 948 1874 lrac
977 1813 1013 1872 de
1042 1813 1132 1874 rebus
1161 1816 1190 1874 in
1220 1816 1305 1892 peius

160 1915 317 1976 ruentibus
335 1911 501 1976 ree-203
517 1913 705 1975 concludere.
732 1915 779 1994 (cl.
796 1911 859 1975 338
876 1931 940 1994 sqq.
957 1913 1021 1976 390
1036 1936 1098 1994 sqq.
1123 1915 1148 1975 ll
1168 1912 1226 1977 105
1239 1933 1303 1994 sqq.

160 2015 220 2078 136
232 2034 298 2096 sqq.
320 2012 384 2076 454
394 2033 438 2093 sq.
462 2016 500 2077 lll
514 2013 555 2078 89
567 2034 630 2093 sqq.
654 2013 717 2076 2:29
729 2033 793 2095 sqq.
817 2013 945 2077 1111219
962 2017 1037 2094 sqq.)
1061 2019 1149 2094 Atqui
1164 2027 1230 2094 post
1246 2027 1303 2078 tarn

158 2117 348 2196 splendidum
371 2115 470 2179 locum
493 2137 543 2178 sex
568 2118 605 2178 de
628 2137 679 2196 spe
703 2119 810 2178 messis
832 2117 993 2178 versiculos
1015 2121 1149 2178 inserere
1171 2120 1304 2197 ineptum

159 2229 231 2288 erat,
255 2221 307 2298 <qui
331 2237 417 2296 quam
440 2226 503 2280 arte
527 2229 594 2280 curn
618 2219 684 2280 loco
707 2219 744 2280 de
767 2237 836 2280 area
859 2219 1012 2299 aequanda
1027 2219 1215 2302 cohaereant,
1239 2222 1304 2298 ipsc

158 2322 282 2382 ultimus
305 2321 392 2381 docet
407 2341 510 2382 versus
533 2322 730 2398 ‘nequiquam
747 2323 866 2400 pinguis
881 2320 965 2401 palea
981 2327 1061 2382 teret
1075 2339 1151 2382 urea
1167 2321 1302 2382 crrlrnos’

158 2426 397 2485 Consentaneum
428 2425 506 2484 enirn
538 2430 600 2484 erat
628 2431 785 2502 postquam
815 2442 915 2484 aream
943 2423 1104 2502 descripsit
1125 2431 1243 2502 poetam
1267 2423 1303 2484 de

157 2528 395 2596 frumentorum,
431 2543 556 2602 quornm
587 2528 718 2586 triturae
746 2523 780 2602 (v.
807 2521 876 2604 190)
906 2525 956 2586 illa
984 2527 1122 2596 struitur,
1157 2534 1301 2606 proventu

158 2629 277 2705 signum
300 2625 418 2706 aliquod
442 2629 585 2696 inserere,
611 2635 673 2686 tum
698 2626 815 2687 demum
841 2627 910 2704 quid
934 2647 982 2687 ers
1005 2627 1133 2689 humana
1156 2630 1187 2688 in
1211 2627 1302 2710 medi-

157 2728 261 2790 candis
296 2728 461 2789 seminibus
490 2728 584 2788 valeat
614 2747 744 2789 narrare.
805 2731 882 2806 Ergo
911 2749 964 2790 suo
987 2729 1053 2790 luco
1082 2731 1171 2808 positi
1199 2748 1303 2790 versus

157 2831 266 2898 nostri,
296 2847 353 2889 nec
375 2838 426 2890 aut
448 2830 662 2908 transponendi
685 2839 734 2891 unt
756 2849 824 2890 cum
847 2829 992 2891 Ladevico
1016 2830 1151 2910 (append.
1177 2851 1205 2910 p.
1233 2829 1301 2909 192)

156 2932 193 2994 ad
218 2933 383 3008 marginem
408 2939 437 2992 et
458 2931 604 2993 secundas
627 2950 713 2993 curas
736 2931 897 3011 relegandi.
