3276 5050
620 401 874 470 ‚raouscoumaa
1267 382 1325 446 101

183 570 352 632 choraulam
377 570 507 651 (Servius
530 569 565 629 ad
590 568 643 629 ecl.
667 569 693 630 ll
717 567 744 630 1.
779 565 819 631 15
862 571 885 630 V
907 567 949 632 89
978 569 1045 630 coll.
1069 570 1162 640 schol.
1187 573 1273 633 Rern.
1299 579 1329 634 et

181 675 318 750 Montisp.
350 691 365 732 a
389 672 422 732 G.
446 669 573 732 Thilooe
604 689 679 732 mus.
703 671 798 735 liban.
822 671 873 732 XV
898 668 957 734 151
982 671 1071 752 edito)
1096 675 1243 748 amavisse
1266 675 1326 736 ier-

181 785 244 844 tur;
268 773 337 835 inde
360 781 426 834 orta
448 792 522 853 quae
544 771 624 852 apud
647 773 782 834 Serrium
806 773 842 834 ad
866 772 920 834 ecl.
943 773 981 834 lll
1003 771 1047 835 20
1069 772 1224 854 leguntur,
1258 794 1327 838 eum
1372 781 1377 796 ¹

182 897 250 939 curn
273 876 353 937 Varii
375 874 594 954 tragoediarum
618 876 773 962 scriptoris
796 895 889 936 uxore
912 873 1125 938 litteratissima
1149 876 1326 939 adulterium

183 981 361 1048 exercuisse,
386 997 442 1058 qua
465 977 671 1039 criminatione
694 977 779 1039 abusi
801 984 872 1040 sunt
893 977 1094 1058 allegoristae,
1124 997 1199 1058 quos
1222 979 1258 1041 ad
1280 983 1325 1042 in-

181 1080 389 1160 terpretandos
413 1098 515 1141 versus
533 1075 658 1140 17-20
679 1079 760 1141 ‘rem
784 1098 930 1160 nusquam
952 1080 1078 1141 lectam'
1101 1081 1239 1159 prolerre
1255 1082 1324 1143 Ser-

180 1186 246 1245 vius
268 1183 352 1243 dicit:
378 1183 517 1243 nimirum
541 1183 735 1260 supposuisse
758 1182 919 1260 Vergilium
942 1180 1079 1262 Thyestis
1102 1182 1286 1261 tragoediam
1309 1205 1324 1245 a

181 1305 214 1347 se
237 1285 432 1364 compositam
455 1283 575 1344 mulieri
596 1283 652 1354 illi,
683 1283 760 1344 hano
788 1302 879 1363 porro
908 1290 1059 1362 tamquam
1089 1303 1160 1348 ase
1184 1287 1326 1364 scriptam

181 1389 289 1448 marito
311 1385 478 1455 tradidisse,
504 1388 555 1470 qui
576 1404 632 1466 pro
649 1403 701 1446 sua
725 1385 843 1464 publice
865 1387 1044 1455 recitaverit,
1070 1404 1181 1466 easque
1204 1386 1326 1448 fraudes

181 1487 430 1569 perallegoriam
454 1487 620 1566 significare
643 1494 770 1568 poetam.
824 1487 907 1560 Quae
934 1505 973 1548 ne
1002 1487 1089 1566 digna
1119 1487 1239 1568 quidem
1263 1507 1324 1548 me·

150 1619 153 1624 ·
181 1598 299 1653 moratd
323 1597 424 1652 essent
447 1589 525 1667 (nam
550 1589 710 1670 Thyestem
732 1607 810 1652 anno
833 1585 895 1650 725
918 1596 1022 1658 actam,
1053 1583 1185 1670 eclogam
1207 1591 1326 1652 tertiam

101 1708 103 1713 ’
180 1701 247 1755 ante
270 1711 381 1778 annum
400 1689 466 1760 ,715
488 1693 628 1772 scriptam
653 1699 682 1752 et
705 1691 814 1752 editam
838 1709 904 1752 esse
927 1689 1068 1770 constat),
1088 1680 1151 1755 'nisi
1173 1691 1243 1752 inde
1266 1691 1322 1760 his,

135 1849 139 1854 .
180 1815 254 1875 quae
277 1795 355 1874 apud
378 1794 553 1855 Suetonium
578 1813 605 1873 p.
630 1791 669 1855 57
683 1800 808 1863 extant,
838 1792 888 1853 lux
911 1793 1057 1872 quaedam
1081 1775 1209 1854 reniret:
1228 1794 1323 1874 '‘vul-

179 1905 277 1975 gatum
302 1903 346 1956 est
368 1913 528 1956 consuesse
555 1914 624 1982 eum
654 1903 683 1955 et
714 1914 780 1955 cunr
802 1894 896 1954 Plotia
920 1893 1046 1954 Galeria.
1098 1895 1151 1956 sed
1179 1897 1324 1958 Asconius

179 1999 325 2059 Pedianus
347 1997 499 2066 adfirmat,
532 1999 626 2076 ipsam
659 2003 759 2075 postea
790 1997 932 2056 maiorem
955 2003 1026 2055 natu
1049 2013 1172 2058 narrare
1196 1997 1321 2066 solitam,

178 2101 331 2160 invitatum
354 2099 473 2178 quidem
495 2119 510 2159 a
535 2100 621 2160 Vario
644 2098 679 2158 ad
704 2098 943 2158 communionem
965 2098 1026 2166 sui,
1056 2115 1159 2160 verum
1189 2079 1320 2176 pertidu-

178 2198 305 2262 tissime
319 2204 505 2262 recusasse'
550 2201 581 2260 ln
606 2199 714 2280 quihus
731 2201 885 2260 Galeriam
909 2201 953 2280 (ut
972 2196 1081 2258 Vitellii
1096 2199 1181 2276 uxor)
1205 2201 1321 2278 scripsi,

106 2341 108 2348 ,
178 2301 255 2382 quae
277 2304 308 2363 in
332 2304 478 2363 Beruensi
501 2301 603 2363 codice
631 2305 744 2378 aterio,
773 2301 805 2360 in
827 2301 989 2378 Reginensi
1010 2303 1130 2374 eperia,
1163 2319 1179 2360 a
1201 2300 1322 2362 Daniele

179 2407 295 2473 Aleria,
319 2407 350 2465 in
373 2405 498 2482 vulgatis
521 2403 650 2483 denique
673 2399 854 2462 editionibus
876 2409 963 2481 atque
986 2403 1073 2462 etiam
1097 2401 1173 2480 apud
1197 2403 1321 2463 Reiffer-

177 2505 342 2566 scheidium
375 2509 484 2567 Hierio
528 2506 683 2574 scribitur,
719 2523 843 2584 eamque
876 2505 970 2583 ipsam
1005 2511 1035 2563 et
1070 2503 1102 2563 t.
1140 2503 1221 2564 Varii
1244 2504 1321 2564 liud

177 2626 301 2668 cruorem
325 2609 416 2668 luisse
439 2609 555 2668 conicio
578 2626 634 2668 nec
656 2607 803 2668 diversam
827 2606 863 2666 ab
885 2603 950 2676 illa,
982 2623 1071 2684 quam
1094 2604 1130 2676 ad
1154 2605 1207 2666 ecl.
1233 2605 1258 2666 ll
1282 2604 1322 2668 lb

177 2711 320 2771 Seruiana
349 2709 460 2770 scholia
494 2729 599 2789 parurn
628 2710 715 2771 docte
736 2711 858 2771 leriam
885 2706 1015 2787 puellam
1043 2725 1219 2786 servamque
1241 2708 1319 2768 Mae-

177 2814 292 2874 cenatis
314 2811 482 2890 perhibent,
512 2812 590 2890 quod
615 2813 736 2873 Vossius
764 2829 883 2891 quoque
917 2811 1084 2888 suspicatus
1113 2817 1167 2870 est.
1217 2809 1320 2888 ltaque
1416 2842 1420 2849 ·

175 2913 301 2991 probavi
324 2914 404 2994 quod
427 2915 458 2974 in
482 2915 628 2975 Bernensi
652 2922 681 2974 et
708 2915 737 2973 in
770 2911 949 2974 editionibus
977 2911 1088 2989 legitur
1116 2913 1223 2988 Vario,
1253 2929 1319 2971 cor-

174 3025 296 3094 ruptum
319 3004 350 3076 in
366 3016 528 3094 lieginensi
552 3017 662 3092 scripto
686 3017 776 3084 Varo,
801 3023 832 3075 ut
854 3014 932 3092 apud
955 3014 1090 3074 Servium
1118 3015 1218 3075 Varus
1240 3013 1318 3074 male

175 3136 231 3196 pro
255 3118 343 3178 Vario
367 3117 502 3194 vulgatur
526 3118 574 3197 (cl.
598 3117 635 3176 de
657 3122 719 3177 tota
740 3115 840 3177 labula
862 3115 1048 3176 Weicbertus
1071 3115 1108 3176 de
1129 3114 1162 3174 L.
1186 3112 1266 3184 Varii
1289 3122 1319 3175 et

175 3220 268 3280 Cassii
284 3220 454 3280 Parmensis
477 3219 536 3280 vita
560 3226 588 3278 et
611 3217 793 3278 carminibus
809 3212 850 3278 85
864 3215 951 3296 sqq).
983 3217 1121 3278 Ceterum
1143 3235 1203 3277 non
1226 3218 1319 3295 magis

174 3319 262 3380 iidem
293 3319 397 3382 haberi
425 3339 480 3400 par
509 3329 553 3382 est
574 3320 688 3382 Plotiae
716 3318 850 3380 Galeriae
883 3319 1022 3380 maritum
1048 3320 1150 3386 nescio
1179 3334 1251 3398 quas
1279 3319 1317 3380 ob
1358 3367 1363 3375 .

174 3441 278 3484 causas
295 3422 485 3484 calumnianti
501 3441 589 3502 quam
605 3421 726 3500 Vergilii
748 3421 883 3490 inimicis,
908 3421 988 3481 hunc
1010 3428 1108 3482 autem
1132 3421 1318 3482 defendentis

175 3531 329 3585 matronae
352 3525 430 3586 dicta
451 3526 595 3585 Asconius
616 3525 682 3602 ipse
704 3523 849 3584 audivisse
872 3522 916 3583 vel
932 3529 1013 3583 certe
1029 3541 1065 3582 ex
1081 3522 1248 3600 aequalium
1264 3543 1317 3585 ore

177 3627 331 3706 excepisse
353 3633 465 3705 potest:
499 3626 573 3687 haee
601 3645 718 3706 quoque
747 3627 819 3706 quin
847 3626 878 3686 in
900 3623 978 3686 libro
1006 3624 1147 3686 adversus
1169 3625 1315 3687 obtrecta-

173 3733 254 3788 tores
277 3729 389 3806 scripto
411 3727 512 3789 locum
532 3727 692 3790 habuerint
714 3747 801 3790 nemo
824 3726 979 3789 dubitabit.

256 3829 382 3890 Nomine
398 3831 583 3907 grammatici
595 3831 756 3892 doctissimi
775 3837 1017 3910 praetentoquae
1029 3828 1156 3890 subiecit
1168 3831 1243 3891 vitae
1256 3830 1313 3890 lut·

172 3931 231 3992 tilia
244 3931 280 3991 de
299 3930 442 3992 benevolo
455 3939 559 4010 poetae
571 3934 669 3994 animo
681 3931 877 4012 interpolator
893 3949 921 4010 p.
939 3929 979 3993 66
991 3920 1078 3992 nihili
1086 3931 1219 4016 iacienda
1235 3941 1313 3993 sunt.

170 4034 293 4094 Restant
305 4033 364 4096 duo
375 4035 412 4094 de
423 4033 547 4096 Ascanio
558 4036 734 4105 testimonia,
748 4034 856 4112 quibus
868 4034 938 4095 iusti
951 4035 1015 4094 eius
1026 4035 1058 4094 in
1069 4032 1189 4111 Vergilii
1201 4039 1313 4094 textum

171 4137 376 4197 commentarii
398 4155 457 4196 non
473 4138 567 4214 magis
583 4155 669 4216 quarn
691 4139 798 4199 ceteris
813 4135 995 4198 indicantur:
1020 4135 1056 4196 de
1071 4135 1118 4197 bis
1134 4136 1212 4196 enim
1229 4135 1313 4214 quid·
1414 4159 1417 4164 ·

170 4255 258 4316 quam
282 4245 418 4300 constare
441 4240 561 4317 neganti
583 4239 696 4318 Heynio
719 4238 868 4301 Madvicus
897 4245 926 4298 et
948 4238 1129 4316 Suringarus
1156 4244 1239 4297 recte
1261 4237 1312 4298 ad·

170 4341 250 4400 sensi
273 4349 353 4400 sunt.
397 4341 471 4402 lVam
495 4339 573 4417 quod
590 4341 706 4402 Probus
727 4359 758 4418 pe
773 4339 802 4411 t,
826 4337 891 4402 td.
919 4341 1047 4402 Asconio
1070 4340 1164 4408 utitur
1179 4345 1311 4407 auctore,

170 4442 221 4518 qui
245 4439 322 4510 dicat
344 4441 461 4503 llllVlll
484 4460 578 4503 annos
601 4449 701 4504 natum
724 4442 888 4520 Vergilium
917 4441 1051 4502 bucolica
1083 4441 1226 4512 edidisse,
1261 4459 1313 4519 po·
