3276 5050
657 432 901 476 rnocanouauu.
1286 411 1346 478 lat

208 603 310 681 copiis,
335 600 544 680 comprobavit,
568 603 598 661 in
621 602 731 664 nostris
747 601 886 680 MPpcbc
901 607 988 671 extat,
1012 608 1115 663 contra
1130 608 1254 672 turrem,
1271 602 1350 682 quod

208 706 240 764 in
262 706 293 764 F
311 703 411 782 legere
435 703 506 763 mihi
529 705 607 764 visus
631 722 706 772 sum,
730 701 882 764 Charisius
904 704 1005 764 nescio
1021 709 1122 765 utrum
1138 721 1191 764 sua
1207 723 1243 765 an
1261 706 1346 765 cuius

209 805 282 866 alius
310 807 494 884 grammatici
523 807 698 868 auctoritato
725 811 853 865 tucatur.
910 806 941 867 Si
973 813 1070 866 autem
1104 804 1268 884 probabilis
1302 814 1349 866 est

208 907 429 969 llretzschmeri
451 908 589 986 suspicio,
613 913 706 968 totum
728 906 785 967 hoc
801 907 888 968 Gellii
909 915 998 987 caput
1020 925 1055 966 ex
1071 908 1142 986 ipsis
1157 907 1249 972 Probi
1264 926 1347 968 com·

210 1010 363 1070 mentariis
385 1019 536 1090 sumptum
560 1026 640 1078 csse,
655 1007 808 1070 'habemus
830 1009 966 1070 eiusdem
987 1010 1156 1073 testimonia
1178 1010 1352 1087 gravissima

209 1112 296 1171 ctiam
320 1111 356 1171 de
378 1111 617 1190 hisscripturis:
641 1117 702 1172 trec
723 1113 794 1171 den.
817 1111 844 1171 X
865 1107 937 1181 350,
960 1115 1017 1172 tris
1038 1107 1110 1180 351,
1133 1112 1210 1172 boec
1232 1112 1303 1174 Aen.
1321 1111 1347 1172 ll

208 1208 280 1280 554,
303 1225 388 1289 quem
410 1209 515 1273 1241.
554 1213 615 1274 Νο0
630 1212 770 1274 differunt
784 1215 879 1274 nostri
900 1213 968 1274 libri
991 1213 1049 1272 nisi
1071 1211 1108 1272 de
1131 1214 1228 1292 primo
1244 1213 1352 1274 horum

210 1313 357 1388 locorum,
389 1315 441 1376 ubi
463 1333 530 1377 cum
552 1323 613 1376 tres
634 1315 713 1392 quod
736 1333 839 1376 verum
863 1333 927 1375 esse
955 1313 1131 1375 adfirmatur
1153 1315 1240 1393 Pylb
1267 1333 1352 1394 prae·

210 1417 309 1486 beant,
332 1418 387 1478 tris
409 1417 444 1478 ad
467 1419 619 1494 sequentis
641 1435 743 1478 versus
767 1416 934 1496 exemplum
957 1417 1042 1478 MRc
1064 1417 1248 1495 praeierunt.
1293 1415 1352 1477 Sed

211 1519 304 1580 multo
327 1521 413 1581 etiam
437 1519 523 1581 latius
551 1522 653 1598 ipsum
679 1519 758 1596 quod
781 1519 893 1580 Gellius
919 1518 1020 1580 laudat
1046 1525 1241 1598 praeceptum
1263 1517 1354 1579 Probi

212 1621 296 1692 valet,
320 1641 421 1683 aurern
445 1623 630 1702 potissimum
646 1623 676 1682 in
699 1621 846 1700 ambiguis
860 1619 1077 1682 vocabulorum
1094 1605 1353 1681 terminationibus

211 1723 452 1802 interrogandam
485 1742 541 1784 neo
568 1725 830 1802 grammaticorum
863 1722 1029 1784 ‘linitiones
1060 1721 1127 1783 illas
1160 1720 1353 1799 perranoidas
1379 1789 1381 1794 ,

212 1832 300 1905 atquc
323 1827 481 1888 l'etutinas’
505 1826 650 1887 curandas
674 1843 749 1896 esse,
773 1823 873 1902 quales
896 1823 1028 1885 Charisio
1051 1843 1080 1904 p.
1106 1821 1167 1885 129
1190 1831 1219 1884 et
1242 1821 1351 1884 13111.

212 1935 286 1988 teste
313 1927 412 1990 Aelius
439 1927 512 1988 Stilo
543 1929 635 1988 Varro
664 1926 777 1988 Plinius
804 1927 898 2004 Asper
931 1924 1062 2005 denique
1101 1926 1352 2003 excogitaverunt.

211 2029 273 2090 Neo
295 2030 464 2090 Priscianus
487 2027 599 2091 vl183
622 2046 685 2109 sqq.
711 2034 896 2089 constantem
924 2027 961 2088 de
989 2028 1149 2088 accusativi
1175 2025 1301 2106 pluralis
1322 2027 1353 2086 in

211 2135 236 2192 is
259 2141 310 2192 aut
331 2149 362 2192 es
383 2133 593 2193 terminatione
617 2149 751 2192 normam
774 2131 953 2191 constituere
974 2147 1064 2189 ausus
1086 2134 1151 2188 utra
1180 2129 1211 2188 in
1233 2143 1352 2206 quoque

212 2233 353 2294 vocabulo
376 2223 586 2312 ‘frequenter'
610 2233 655 2294 vel
679 2235 781 2294 ‘raro'
810 2237 971 2310 usurpetur
994 2237 1115 2290 enotare
1138 2231 1209 2290 satis
1232 2227 1350 2289 habuit:

212 2334 316 2414 quodsi
338 2337 368 2396 in
391 2335 448 2395 boc
470 2319 587 2416 quoque
611 2337 707 2414 capite
730 2332 856 2396 utatias
879 2332 1008 2394 Probum
1033 2338 1156 2393 secutus
1179 2338 1233 2400 est,
1264 2330 1353 2391 huius

212 2437 378 2497 testimonio
401 2443 446 2498 sat
467 2437 630 2498 multorum
641 2437 773 2499 locorum
790 2435 936 2513 scriptura
952 2435 1156 2504 confirmatur,
1173 2429 1288 2494 scilicet
1303 2449 1350 2510 ge.

210 2538 248 2599 lll
269 2534 333 2600 450
346 2540 480 2614 pinguis,
504 2539 556 2599 llll
577 2536 738 2608 61dulcis,
761 2539 833 2599 Aen.
859 2536 872 2596 l
896 2533 956 2600 168
987 2531 1101 2596 111129
1124 2530 1230 2594 11247
1254 2537 1350 2602 uanis,

210 2639 262 2700 llll
283 2637 325 2701 34
345 2645 451 2711 manis,
475 2637 598 2703 111203
620 2645 684 2710 tris,
708 2640 747 2701 XI
769 2635 811 2700 48
835 2641 925 2708 ucria,
950 2637 988 2698 lX
1011 2635 1053 2699 60
1074 2640 1186 2708 imbris,
1210 2636 1263 2697 Xll
1284 2632 1347 2702 418

210 2743 349 2811 salubris
373 2739 507 2803 1111226
529 2746 644 2812 ceteris,
667 2760 713 2820 gc.
736 2743 762 2802 ll
786 2736 847 2802 175
871 2740 978 2813 foetis,
1002 2740 1073 2800 Aen.
1098 2733 1350 2813 1154000010,

211 2844 236 2903 ll
257 2840 300 2904 20
321 2847 461 2919 inpectis,
485 2845 536 2905 llll
551 2841 591 2905 57
615 2847 750 2913 bidentis,
774 2839 964 2921 ge.1111161
992 2843 1115 2910 tenacis,
1139 2841 1152 2901 l
1174 2836 1216 2901 89
1233 2843 1351 2916 piures.

211 2945 349 3006 Ceterum
377 2945 453 3006 hanc
481 2945 571 3006 Probi
598 2945 694 3024 legem
722 2947 787 3024 ipse
823 2951 943 3004 secutus
977 2962 1042 3004 sum
1074 2943 1125 3006 ubi
1158 2945 1188 3003 in
1223 2941 1354 3002 diversas

211 3054 312 3126 partes
335 3049 539 3110 discesserunt
560 3047 690 3116 librarii,
721 3064 897 3126 quamquam
921 3047 998 3106 intur
1020 3044 1164 3106 barbaros
1186 3051 1272 3104 natus
1294 3060 1354 3103 non

211 3150 235 3208 is
258 3141 323 3209 sum
346 3151 448 3226 quiin
471 3149 517 3211 his
540 3139 672 3210 minutiis
701 3150 795 3228 ipsam
826 3147 936 3224 ubique
963 3153 1070 3225 poetae
1092 3163 1211 3206 manum
1235 3163 1282 3204 me
1305 3162 1353 3203 re·

212 3251 342 3312 stituisse
365 3251 519 3314 confidam.
552 3252 732 3312 Testimonia
749 3250 786 3310 de
810 3248 994 3326 singulorum
1016 3245 1228 3308 vocabulorum
1250 3246 1354 3306 formis

210 3353 249 3412 ita
281 3355 453 3431 composui,
491 3360 525 3413 ut
557 3355 608 3432 001
639 3352 813 3412 accuratius
847 3350 949 3414 rimari
983 3347 1062 3414 volet
1094 3349 1248 3410 materiam
1283 3348 1353 3407 satis

210 3460 377 3532 promptam
401 3444 517 3515 babeat.
1260 3511 1261 3514 ,
1295 3459 1297 3466 ‘

296 3555 440 3626 Quoniam
463 3563 560 3617 autem
585 3564 698 3616 certum
721 3562 766 3616 est
788 3555 881 3634 ipsius
906 3551 1028 3630 Vergilii
1049 3550 1158 3612 librum
1181 3552 1212 3610 in
1235 3551 1352 3628 georgi-

212 3676 267 3718 con
289 3658 386 3736 primo
409 3656 514 3718 saltem
537 3657 613 3718 libro
638 3657 769 3718 aProbo
792 3655 955 3716 adhibitum
980 3673 1057 3724 esse·
1077 3672 1135 3714 non
1160 3652 1262 3712 dubito
1283 3653 1355 3730 quin

212 3757 337 3819 eundem
362 3751 473 3819 Gellius
506 3758 550 3818 ibi
573 3777 691 3838 quoque
714 3757 909 3826 intellexerit,
937 3756 1060 3830 051οΧ
1085 3752 1133 3825 14,
1158 3753 1186 3834 7)
1215 3752 1300 3814 lacile
1323 3772 1355 3813 se

211 3860 334 3921 credere
357 3859 493 3922 adfirmat
517 3859 582 3922 ‘his
606 3863 656 3940 qui
679 3862 864 3940 scripserunt
885 3858 1093 3938 idiographum
1115 3855 1223 3916 librum
1235 3855 1356 3933 Vergilii

211 3981 243 4022 sc
265 3963 468 4042 inspexisse’,
502 3965 536 4022 in
570 3981 629 4042 000
661 3964 700 4022 ita
731 3964 876 4039 scriptum
907 3963 945 4020 sit
967 3964 1023 4038 (ge.
1047 3955 1153 4035 1208)
1187 3961 1266 4020 libre
1293 3961 1357 4018 dies

210 4067 363 4140 somnique
379 4082 476 4141 pares
498 4065 550 4124 udi
567 4064 681 4136 fecerit
701 4065 804 4138 bores,
829 4063 858 4123 id
883 4069 929 4122 est
951 4065 1013 4123 diei
1033 4063 1197 4136 somnique.
1228 4060 1355 4136 llignum

212 4167 290 4226 enim
312 4172 407 4226 totum
429 4165 500 4226 illud
524 4165 610 4226 Gellii
639 4172 726 4244 caput
748 4165 785 4226 lX
810 4162 849 4224 14
877 4163 922 4223 vel
945 4161 1085 4225 Caesellii
1108 4161 1238 4223 Vindicis
1267 4180 1353 4240 quem

211 4265 310 4326 laudat
324 4265 484 4328 lectionum
501 4269 691 4344 antiquarum
706 4266 751 4328 vel
768 4267 877 4348 Berytii
892 4267 987 4326 nostri
1005 4265 1234 4333 commentariis,
1252 4281 1353 4342 quam·

212 4384 299 4444 quam
322 4367 359 4428 de
373 4369 487 4449 Hygino
510 4386 628 4449 000000
650 4370 773 4448 cogitari
796 4376 903 4449 potest.
951 4367 1008 4434 Sed
1031 4369 1062 4426 in
1084 4366 1354 4444 textumrecipere

213 4467 293 4530 nolui
317 4472 484 4546 genetivum
508 4469 592 4532 illum
627 4474 691 4531 dies
720 4471 852 4547 quamvis
875 4468 1041 4528 venerando
1065 4468 1235 4527 testimonio
1257 4466 1355 4526 lirma·
