3212 5042
316 395 354 462 12
402 455 407 470 ,
763 417 1008 461 eaonaeoueun.

310 589 368 656 culi
392 591 494 670 quidni
517 611 534 651 a
556 579 688 651 Salonini
711 589 858 653 natalibus
881 607 916 649 eo
946 589 1069 651 consilio
1099 599 1238 670 repetere
1265 598 1397 672 poterat,
1428 601 1462 653 ut
1564 647 1573 675 ,

309 696 424 756 divinae
453 693 605 754 cuiusdam
633 693 730 755 laudis
752 692 1053 773 splendore-patroni
1075 695 1265 774 potissimum
1289 701 1326 755 et
1339 695 1458 776 prolem

311 805 340 858 et
363 795 547 858 consulatum
572 796 750 858 exornaret?
801 795 878 867 Quid
907 795 985 874 quod
1014 795 1137 876 expulso
1167 795 1308 858 Pollionis
1336 799 1459 860 nomine

309 907 401 962 totam
423 916 478 980 per
501 898 634 976 eclogam
657 898 739 960 nullo
762 897 863 969 verbo
877 898 1068 977 significatur,
1093 901 1159 979 quis
1182 899 1302 961 tandem
1325 901 1365 961 sit
1387 919 1459 961 con·

310 1002 355 1064 sul
377 1001 427 1063 ille
450 1001 637 1080 designatus,
668 1019 759 1079 quem
781 1002 846 1062 ‘te’
870 1002 1048 1081 pronomine
1070 1021 1096 1062 v.
1123 999 1160 1062 11
1185 1011 1214 1063 et
1237 1000 1276 1063 13
1299 1001 1459 1082 alloquitur

308 1112 405 1186 poeta.
455 1105 589 1182 Denique
611 1105 770 1174 nascentis,
794 1122 832 1164 ne
855 1103 952 1164 dicam
975 1105 1046 1174 nati,
1070 1123 1107 1164 ex
1128 1104 1268 1166 Marcello
1292 1104 1459 1166 octodecim

309 1225 455 1269 annorum
478 1206 667 1268 adolescente
691 1205 773 1266 valde
794 1206 914 1267 infirmo
944 1215 973 1267 et
994 1205 1069 1268 lulia
1090 1207 1190 1286 puella
1212 1209 1260 1268 vix
1289 1207 1458 1284 quindecim

309 1311 395 1372 annis
417 1311 518 1370 iuncta
539 1311 627 1389 pueri
648 1309 724 1370 tama
748 1307 828 1370 nulla
852 1316 996 1389 quantum
1019 1311 1081 1371 scio
1105 1310 1212 1370 tradita
1235 1317 1294 1379 est,
1325 1318 1358 1370 ut
1385 1309 1457 1370 ridi-

310 1413 375 1474 cula
397 1430 522 1493 prorsus
543 1394 858 1491 poetae'vanissimam
889 1431 973 1492 spem
1002 1413 1141 1490 lingentis
1168 1412 1305 1473 vaticinia
1328 1411 1458 1492 aequali·

310 1515 365 1577 bus
392 1516 452 1576 visa
480 1515 574 1575 luisse
602 1521 834 1575 consentaneum
863 1516 910 1576 sit.
961 1513 1068 1576 Contra
1098 1513 1176 1594 quod
1200 1511 1343 1575 Pollionis
1371 1515 1460 1575 amici

312 1617 490 1679 nobilissimi
511 1615 590 1678 silius
617 1616 663 1677 vel
686 1624 845 1694 antequam
868 1635 971 1678 aevum
992 1618 1146 1696 ingressus
1169 1624 1215 1678 est
1228 1615 1389 1678 laetissima
1405 1635 1460 1697 spe

313 1719 482 1782 celebratur
506 1719 579 1780 nihil
602 1720 670 1780 miri
693 1717 790 1790 habet,
815 1737 870 1780 nec
892 1721 1000 1780 mirum
1025 1719 1104 1797 quod
1126 1718 1246 1780 licentia
1268 1721 1365 1798 poetis
1388 1737 1459 1780 con·

311 1841 393 1884 cessa
416 1830 476 1882 tam
499 1830 583 1901 grata
605 1829 635 1882 et
657 1823 773 1902 parenti
790 1830 825 1883 et
846 1823 959 1900 patriae
982 1820 1104 1882 suboles
1126 1823 1238 1883 nutrita
1260 1821 1336 1882 lovis
1366 1823 1459 1902 ipsius

311 1945 381 1986 cura
402 1927 469 2005 ipso
493 1924 575 1986 caelo
604 1925 719 1985 demitti
745 1923 792 1984 vel
821 1930 902 1984 certe
932 1923 1057 1985 deorum
1086 1926 1173 1984 vitam
1204 1931 1363 2004 acceptura
1392 1943 1460 1986 esse

245 2082 246 2087 ,
310 2029 431 2106 fingitur
454 2027 490 2110 (v.
516 2023 556 2088 15
578 2043 642 2105 sqq.
665 2023 718 2087 49.
742 2024 782 2104 7).

396 2130 469 2192 Cum
485 2137 583 2191 autem
599 2128 741 2190 Pollionis
756 2129 943 2208 potissimum
958 2127 1052 2190 hhum
1074 2129 1206 2190 loturum
1231 2147 1298 2190 esse
1315 2147 1459 2208 expresso

313 2231 403 2294 verbo
426 2231 507 2294 nullo
531 2231 699 2311 prodiderit
719 2239 823 2312 poeta,
858 2231 960 2308 quidni
983 2231 1127 2292 ecclesiae
1150 2217 1313 2312 scriptores
1336 2231 1372 2292 ad
1396 2233 1459 2312 opi-

312 2337 434 2396 nionem
450 2333 547 2395 delabi
561 2335 715 2413 potuerint
730 2333 841 2395 Christi
863 2333 977 2394 natales
1000 2331 1049 2394 illo
1074 2334 1196 2395 consule
1211 2335 1329 2394 tuturos
1352 2351 1460 2395 secun·

311 2437 381 2498 dum
404 2437 550 2501 Cumaeae
573 2435 695 2516 sibyllae
719 2435 837 2497 oracula
859 2437 891 2496 in
915 2435 1016 2514 ecloga
1038 2433 1087 2497 illa
1109 2436 1280 2516 praedictos
1305 2436 1390 2497 esse?
1424 2433 1462 2497 Et

311 2539 391 2600 unde
413 2537 534 2618 quidem
558 2557 611 2600 sua
633 2538 671 2598 de
693 2539 793 2616 magni
815 2540 885 2600 anni
907 2545 976 2599 ortu
1005 2544 1035 2598 et
1063 2537 1100 2599 de
1122 2537 1316 2600 redeuntibus
1340 2537 1459 2600 Saturni

311 2643 412 2719 regnis
435 2641 570 2701 vaticinia
599 2640 733 2701 hauserit
761 2647 850 2719 poeta
879 2641 1114 2711 eruditissimus,
1146 2658 1292 2719 quaerere.
1321 2641 1371 2702 hic
1399 2659 1459 2702 non

315 2745 422 2806 attinet
444 2742 491 2821 (cl.
514 2742 681 2804 Alexandro
705 2762 783 2804 orac.
802 2742 905 2824 Sibyll.
922 2751 942 2804 t.
960 2742 986 2803 ll
1000 2763 1030 2823 p.
1049 2739 1108 2804 107
1125 2759 1192 2820 sqq.
1217 2738 1286 2804 180.
1299 2739 1362 2804 278
1372 2743 1458 2824 sqq).

313 2849 350 2908 At
384 2843 568 2907 confidenter
600 2863 683 2932 nego
713 2844 898 2906 Lactantium
932 2839 1093 2906 Eusebium
1125 2846 1323 2924 Augustinum
1356 2845 1459 2906 melio·

312 2948 397 3010 ribus
418 2945 542 3024 Vergilii
564 2947 716 3010 codicibus
740 2967 810 3009 usos
831 2938 926 3009 luisse
949 2964 1038 3025 quam
1066 2946 1112 3008 vel
1134 2949 1278 3008 Asconius
1302 2955 1331 3008 et
1353 2947 1465 3009 Sueto-v

314 3053 381 3112 nius
413 3051 460 3111 usi
493 3056 563 3110 sunt
594 3049 640 3110 vel
674 3069 730 3111 nos
764 3051 933 3111 etiamnunc
966 3051 1089 3112 utimur.
1156 3049 1235 3128 Ergo
1266 3049 1309 3110 illi
1342 3067 1460 3131 quoque

311 3152 453 3216 Pollionis
475 3170 584 3214 nomen
607 3171 633 3212 v.
659 3149 827 3231 mugisse
851 3151 993 3214 credendi
1016 3161 1137 3242 erunt*

396 3257 433 3318 tt
460 3273 665 3326 numerorum,
701 3257 813 3336 inquit,
850 3255 1008 3333 diligenter
1039 3257 1118 3316 inter
1153 3273 1185 3316 se
1219 3262 1459 3334 comparatorum

315 3365 395 3419 tanta
417 3359 449 3417 in
471 3366 599 3436 utroque
623 3356 793 3435 eclogarum
817 3375 928 3436 genere
952 3355 1117 3418 differentia
1131 3364 1197 3448 nest,
1221 3364 1329 3418 utnon
1344 3358 1461 3436 possint

248 3514 250 3518 .
313 3459 359 3520 lV.
384 3459 429 3520 Vl.
455 3459 478 3519 X
503 3459 617 3519 eisdem
640 3461 725 3520 annis
749 3461 878 3539 scriptae
907 3477 972 3520 esse
1002 3459 1109 3537 quibus
1139 3465 1266 3520 ceterae.
1316 3460 1353 3519 At
1382 3460 1459 3520 enim

314 3562 441 3642 primum
465 3561 496 3620 in
518 3557 582 3628 226
604 3560 740 3621 versibus
769 3560 822 3639 (tot
851 3563 929 3621 enim
958 3569 1028 3622 sunt
1055 3563 1146 3622 trium
1175 3559 1355 3640 eclogarum)
1386 3580 1458 3622 con·

313 3670 489 3726 sentaneum
513 3671 559 3722 est
581 3661 690 3723 multas
711 3681 905 3728 numerorum
928 3665 1040 3725 formas
1067 3671 1199 3724 autnon
1223 3671 1274 3724 aut
1295 3665 1393 3725 rarius
1415 3665 1459 3724 in·

318 3767 422 3835 veniri,
448 3783 525 3844 quae
548 3765 578 3824 in
600 3763 711 3845 triplici
733 3765 797 3826 iere
812 3765 1004 3826 multitudine
1020 3766 1098 3846 (nam
1113 3762 1175 3826 603
1193 3783 1294 3827 versus
1310 3767 1460 3828 continent

314 3867 443 3948 ceterae)
468 3869 669 3947 reperiuntur.
705 3868 863 3932 Praeterea
879 3869 905 3929 si
920 3885 995 3946 quae
1012 3866 1175 3946 elegantius
1190 3869 1220 3928 in
1242 3867 1301 3930 illis
1323 3867 1460 3930 videntur

313 3968 462 4031 modulata
486 3987 571 4039 esse,
601 3987 656 4030 nos
679 3987 800 4050 quoquo
820 3972 898 4032 inter
926 3969 1044 4031 ultimas
1066 3972 1227 4050 posuimus.
1273 3970 1351 4041 Alia,
1381 3970 1461 4032 velut

312 4071 393 4153 quod
415 4073 447 4132 in
469 4070 517 4132 his
539 4071 764 4152 monosyllabon
787 4091 855 4133 cum
878 4073 1064 4152 anapaestico
1080 4072 1126 4133 vel
1142 4071 1303 4154 spondaico
1318 4071 1460 4134 vo'cabulo

233 4181 239 4190 '
310 4192 415 4236 versus
437 4173 522 4234 initio
538 4193 599 4235 non
614 4176 764 4254 reperitur
788 4173 834 4254 (ol.
861 4173 1032 4255 Schaperus
1046 4193 1076 4254 p.
1093 4171 1154 4237 777
1178 4172 1245 4254 sq),
1270 4173 1349 4252 quod
1370 4193 1458 4254 spon·

313 4277 389 4338 diaci
423 4278 520 4338 exitus
552 4277 649 4338 ‘lovis
681 4278 921 4338 incrementum'
963 4275 1009 4357 (lV
1040 4273 1091 4350 49)
1131 4276 1244 4344 nullum
1281 4280 1312 4338 in
1353 4279 1460 4339 ceteris

314 4377 484 4458 exemplum
507 4385 553 4440 est
576 4377 614 4459 (p.
639 4375 728 4460 782),
759 4379 838 4458 quod
867 4378 976 4460 duplex
1005 4378 1185 4460 synaloephe
1214 4379 1261 4440 bis
1287 4389 1403 4442 tantum
1430 4382 1459 4441 in

313 4481 381 4552 illis,
405 4482 495 4542 vicies
518 4479 611 4548 semei
633 4483 664 4543 in
686 4481 734 4544 his
756 4488 917 4563 usurpatur
942 4480 979 4562 (p.
1005 4479 1093 4560 784),
1130 4501 1196 4543 cum
1231 4489 1329 4544 tamen
1362 4501 1400 4544 ne
1430 4483 1459 4543 io
