3276 5050
327 379 368 445 l8
775 401 1020 446 aooxcaoumu.

330 567 403 651 (516
426 569 481 650 sq.)
506 570 672 632 observavit
695 571 741 652 (11.
768 570 899 631 Conrads
927 589 956 649 p.
981 570 1051 651 XV).
1096 569 1161 631 lam
1185 588 1254 632 cum
1281 589 1297 632 1
1320 572 1475 635 Cerauniis

328 671 365 732 ad
386 672 540 734 Calabriae
561 671 706 734 litus'sex
728 670 774 733 vel
797 679 913 752 septem
935 671 1027 742 horis,
1052 672 1121 733 inde
1145 691 1161 734 a
1183 675 1393 752 promunturio
1409 673 1472 735 Sal-

209 808 211 820 ·
291 845 295 856 ,
327 773 442 834 leutico
471 776 570 836 minus
590 773 764 848 dimidiato,
779 788 883 835 menso
914 793 1019 835 cursus
1048 774 1084 836 ad
1115 774 1329 836 occidentalem
1358 775 1477 838 Siciliae

330 885 446 955 partem
470 877 576 938 confici
598 877 744 955 potuerit,
772 895 832 936 nou
860 883 927 956 post
950 876 1020 938 ldus
1041 875 1159 957 Apriles
1178 876 1348 956 Drepanum
1371 896 1476 958 perve-

328 986 440 1040 nerunt
455 975 552 1055 (707).
576 980 670 1067 l'uam
687 985 806 1040 noctem
822 978 899 1059 apud
915 977 1056 1058 Cyclopes
1071 977 1273 1040 toleraverunt
1288 975 1380 1058 (583).
1404 979 1477 1040 Dre-

327 1082 398 1159 pani
420 1086 560 1142 mortuus
581 1079 725 1141 Anchises
747 1088 858 1142 aestate
883 1082 916 1160 (V
938 1077 980 1142 46
1003 1097 1067 1159 sqq.
1098 1076 1186 1159 626),
1219 1087 1248 1142 et
1270 1080 1321 1141 ubi
1343 1083 1478 1142 ‘annuus

330 1183 443 1242 exactis
465 1181 635 1261 completur
656 1181 812 1243 mensibus
835 1181 936 1243 orbis'
961 1181 994 1259 (V
1015 1179 1083 1262 46),
1106 1184 1171 1261 ipso
1193 1184 1297 1244 mortis
1320 1182 1368 1244 die
1390 1182 1478 1244 ludos

327 1285 359 1344 111
380 1285 474 1364 patris
496 1285 670 1346 memoriam
694 1281 854 1344 sollemnes
881 1283 987 1344 indicit
1007 1290 1121 1346 Aeneas
1150 1303 1184 1345 ac
1206 1283 1346 1346 celebrat.
1398 1285 1477 1363 Ergo

327 1391 411 1446 reete
433 1385 586 1448 subductis
607 1384 773 1448 rationibus
800 1392 918 1464 quarta,
949 1403 1009 1445 non
1031 1387 1157 1465 septima
1179 1393 1248 1464 post
1267 1387 1375 1448 Troiae
1398 1388 1476 1446 exci-

329 1487 410 1548 dium
433 1490 558 1550 vcrtitur
581 1495 686 1559 aestas,
711 1487 790 1567 quod
812 1505 872 1548 non
895 1489 1067 1568 scripsisset
1082 1497 1177 1568 poeta,
1200 1490 1226 1549 si
1243 1490 1324 1550 tertii
1338 1487 1407 1549 libri
1429 1507 1476 1549 ra·

329 1591 441 1650 tionem
464 1589 624 1652 habuisset.

418 1691 503 1753 Unde
527 1693 625 1753 effecit
648 1691 781 1754 Conrads
802 1711 831 1773 p.
855 1692 914 1763 XV,
944 1691 1104 1770 Vergilium
1127 1711 1195 1753 cum
1217 1691 1329 1753 librum
1352 1693 1474 1754 tertium

329 1801 537 1874 componeret,
560 1793 688 1855 similem
711 1795 738 1854 ei
760 1812 849 1873 quam
870 1795 1030 1874 Dionysius
1051 1794 1065 1854 l
1086 1791 1128 1856 63
1149 1796 1281 1855 narravit
1309 1794 1346 1854 de
1368 1797 1478 1856 errori-

329 1895 386 1956 bus
410 1897 528 1956 Aeneae
551 1895 684 1958 fabulam
707 1903 842 1958 secutum
867 1915 948 1967 esse,
978 1903 1082 1976 postea
1111 1915 1161 1957 eos
1188 1898 1219 1956 in
1247 1903 1363 1976 septem
1387 1914 1480 1958 annos

332 1997 522 2068 distraxisse,
553 2006 584 2058 ut
607 1998 720 2060 scilicet
742 2017 758 2058 a
780 1998 888 2059 Troiae
913 1997 1028 2059 excidio
1050 2017 1143 2078 usque
1173 1998 1209 2060 ad
1232 1998 1386 2060 Lavinium
1410 2017 1480 2058 con-

332 2099 426 2162 ditum
461 2099 637 2162 sollemnem
669 2100 771 2161 decem
805 2118 953 2161 annorum
981 2119 1140 2161 nnmerum
1167 2100 1264 2162 tribus
1291 2102 1376 2161 annis
1401 2095 1482 2160 bello'

331 2201 452 2262 tributis
482 2203 614 2264 alliceret
642 2201 681 2282 (p.
705 2201 804 2282 XXll).
856 2202 930 2264 Nam
959 2208 1075 2282 septem
1104 2221 1199 2263 annos
1221 2202 1296 2264 llido
1325 2219 1441 2282 quoque
1469 2201 1481 2260 l

332 2300 396 2365 755
419 2313 560 2366 numerat
581 2304 628 2365 bis
658 2309 743 2366 ‘nam
768 2312 796 2364 te
817 2305 877 2365 iam
899 2305 1030 2384 septima
1047 2311 1148 2384 portat
1170 2304 1308 2364 omnibus
1331 2312 1480 2364 errantem

332 2407 426 2467 terris
450 2413 479 2466 et
501 2405 639 2467 fluctibus
661 2410 792 2476 aestas',
823 2425 899 2486 quae
921 2424 959 2466 ne
983 2424 1049 2466 cum
1071 2404 1122 2465 illo
1154 2404 1273 2482 quidem
1297 2407 1391 2482 quinti
1413 2405 1482 2465 libri

334 2507 402 2568 loeo
427 2504 510 2587 (626)
535 2507 689 2569 conciliari
712 2509 784 2569 satis
806 2509 895 2588 posse
917 2509 975 2567 iam
997 2515 1115 2567 veteres
1137 2507 1411 2570 animadverterunt
1434 2505 1480 2584 (11.

334 2609 477 2690 Servius).
501 2609 584 2681 Quae
599 2612 624 2670 si
639 2628 707 2671 vcra
732 2617 839 2679 esseut,
863 2616 978 2678 octava,
1002 2627 1063 2669 non
1085 2609 1212 2687 septima
1234 2616 1345 2670 aestate
1366 2611 1482 2670 Aeneas

334 2711 421 2773 ludos
436 2713 468 2772 111
484 2711 583 2780 Sicilia
606 2710 823 2780 celebravisset,
848 2712 874 2771 si
890 2709 1009 2790 quidem
1025 2709 1203 2788 Carthagine
1225 2710 1371 2772 ‘hiemem
1394 2729 1482 2790 quam

336 2813 442 2892 longa'
468 2814 531 2895 (llll
548 2811 618 2894 193)
642 2833 708 2875 oum
725 2814 828 2891 regina
850 2821 1046 2891 transegerat.
1078 2812 1263 2893 Quamquam
1286 2831 1324 2874 ne
1346 2821 1482 2892 quartum

337 2916 458 2995 quidem
488 2915 598 2977 librum
627 2917 698 2976 satis
728 2933 794 2976 cum
824 2916 911 2976 tertio
939 2916 1098 2976 concinere
1125 2915 1204 2976 idem
1228 2915 1359 2978 Conrads
1380 2934 1409 2994 p.
1433 2913 1482 2974 XV

339 3018 496 3080 intellexit.
542 3019 657 3098 Quippe
680 3017 845 3078 secundum
873 3015 957 3078 illum
986 3017 1129 3080 ‘hiberno
1158 3017 1274 3078 sidere’
1303 3026 1332 3078 et
1360 3015 1483 3078 ‘mediis

336 3119 542 3200 aquilonibus'
573 3117 656 3202 (310)
680 3119 857 3198 Carthagine
885 3120 1087 3199 proficiscitur
1108 3121 1238 3189 Aeneas,
1268 3129 1355 3197 atque
1383 3118 1482 3195 ‘aqui-

335 3223 424 3284 lone'
447 3221 556 3283 fluctus
579 3230 660 3282 atros
682 3224 786 3292 secari,
816 3221 886 3282 dum
910 3229 992 3282 tenet
1012 3224 1079 3291 iter,
1110 3222 1198 3280 etiam
1221 3223 1317 3300 quinti
1338 3219 1483 3298 1111111111·
1553 3243 1557 3253 ·

337 3327 379 3385 tio
404 3321 443 3404 (2)
467 3329 614 3386 narratur.
662 3323 720 3384 Sed
742 3342 811 3384 mox
835 3331 1012 3404 tempestate
1034 3325 1066 3382 in
1092 3331 1199 3402 portus
1221 3321 1343 3382 Sicanos
1371 3321 1484 3382 delatus

334 3423 398 3504 (23,
423 3423 476 3504 32)
500 3432 619 3505 postera
642 3426 740 3488 statim
763 3421 908 3505 11111(42)
930 3424 1016 3486 ludos
1038 3423 1106 3486 illos
1127 3425 1262 3494 instituit,
1286 3442 1360 3503 quos
1375 3431 1484 3485 aestate

333 3528 398 3590 heri
420 3545 510 3607 supra
532 3526 671 3590 vidimus.

421 3630 501 3708 Ergo
524 3628 602 3690 hano
625 3647 744 3708 quoque
766 3629 995 3708 discrepantiam
1011 3629 1143 3707 quamvis
1157 3627 1247 3708 paulo
1269 3627 1410 3688 leviorem
1433 3645 1482 3688 ex-

336 3731 478 3812 poliendo
500 3750 657 3794 removere
680 3729 807 3792 debebat
829 3739 927 3810 poeta.
978 3730 1080 3801 Quinti
1108 3739 1206 3792 autem
1234 3729 1303 3791 libri
1324 3730 1414 3791 verba
1435 3729 1484 3790 illa

337 3831 421 3916 (626)
445 3835 574 3896 sortasse
597 3836 640 3895 sic
661 3832 894 3914 interpretanda,
920 3839 952 3893 ut
975 3833 1094 3893 aestatis
1115 3834 1236 3894 notione
1258 3839 1351 3893 totum
1375 3850 1484 3892 acanum

337 3935 495 4016 complexa
517 3937 573 3998 lris
597 3937 765 4014 significare
788 3943 948 4005 statuatur,
975 3936 1034 3996 iam
1062 3935 1094 3995 111
1117 3953 1152 3994 11
1176 3953 1242 3995 1111
1270 3943 1303 3994 ut
1330 3935 1485 4013 septimam

336 4046 481 4099 aestatem
504 4046 644 4118 sequatur
667 4047 797 4100 octavus
848 4037 922 4100 llam
951 4055 1006 4116 per
1029 4043 1170 4097 aestatem
1199 4055 1267 4097 cum
1290 4037 1428 4113 navigare
1451 4035 1485 4095 li·

339 4147 415 4210 ceat,
439 4158 499 4202 non
522 4159 577 4221 per
599 4141 739 4210 hiemem,
762 4139 842 4202 haud
864 4141 905 4200 ita
927 4141 1028 4218 inepte
1049 4147 1165 4218 poterat
1179 4140 1309 4200 infinitos
1323 4155 1379 4218 per
1395 4139 1486 4198 maria

338 4262 460 4304 errores
483 4261 673 4320 conquerens
701 4244 759 4304 iam
783 4251 913 4304 octavam
947 4243 1073 4309 instare,
1107 4243 1299 4319 praeteriisse
1331 4242 1486 4319 septimam

268 4373 271 4380 ·
337 4353 482 4406 aestatem
506 4345 626 4414 dicere,
657 4353 690 4404 ut
712 4344 785 4406 llido
809 4345 923 4405 dixerat
946 4342 968 4420 (1
991 4339 1061 4424 755)
1093 4344 1220 4404 ‘teiam
1243 4343 1367 4422 septima
1390 4351 1488 4422 portat

337 4448 475 4508 omuibus
499 4456 649 4508 errantem
677 4448 768 4508 terris
797 4455 826 4506 et
855 4445 996 4507 fluctibus
1029 4446 1158 4515 aestas',
1193 4447 1326 4523 quamvis
1359 4453 1486 4506 exeunte
