3230 5046
610 397 856 440 raonenounrm.
877 389 879 392 '
1061 441 1064 448 Δ
1245 376 1309 441 203

246 565 325 642 Ergo
347 572 398 626 aut
413 563 559 643 Vergilius
580 566 645 644 ipse
667 566 747 626 varie
770 567 962 644 scripsitaut
983 567 1168 643 grammatici
1183 565 1309 628 alleuius

161 675 322 745 praecepto
345 665 487 728 alterutra
511 667 605 728 lorma
627 668 658 727 in
680 666 799 727 codices
822 666 911 728 inlata
941 673 996 728 est.
1047 667 1235 730 Probabilius
1257 687 1309 729 au·

163 775 222 828 tem
245 769 404 846 aspiratam
427 775 460 828 ut
482 769 678 847 antiquiorem
702 770 792 843 (extat
814 770 892 828 enim
915 771 945 830 in
963 770 1037 831 SClo
1050 769 1087 830 de
1103 769 1308 839 bacanalibus,

162 877 191 929 et
207 870 326 930 Servius
350 871 478 932 maiores
500 870 571 932 dicit
592 872 706 932 nomini
728 872 828 932 ebena
850 873 1061 949 aspirationem
1084 870 1224 948 dedisset
1237 890 1309 950 prae

162 991 206 1039 ea,
230 990 306 1050 quae
329 971 448 1049 Vergilii
480 978 576 1033 aetate
599 973 726 1033 lortasse
755 990 811 1034 usu
839 975 897 1033 lam
926 972 1039 1051 vulgata
1068 979 1141 1040 erat,
1171 993 1187 1034 a
1210 971 1308 1033 Probo

163 1075 297 1143 tortasse,
328 1090 418 1150 quem
441 1072 478 1133 de
501 1075 681 1153 aspiratione
704 1076 876 1136 tractavisse
899 1075 1048 1137 catholica
1073 1074 1196 1144 docent,
1227 1093 1307 1134 com·

162 1175 330 1246 mendatam
353 1176 453 1236 luisse.

248 1277 406 1338 Praeterea
435 1277 586 1357 duplicem
614 1280 791 1360 scripturam
821 1287 1035 1342 commemorat
1064 1278 1174 1341 Gellius
1201 1277 1309 1340 Aeni
1352 1289 1354 1296 ·

165 1376 227 1440 703
249 1382 370 1454 longam
394 1377 439 1440 vel
460 1382 562 1455 longo.
607 1379 692 1451 Quod
715 1401 740 1442 v.
764 1379 826 1443 636
850 1384 895 1443 dil
915 1401 931 1442 a
949 1381 1077 1460 Vergilio
1099 1381 1243 1460 scriptum
1259 1379 1310 1440 ad·
1399 1457 1406 1461 -
1506 1371 1508 1375 ’

164 1483 271 1550 lirmat,
295 1500 355 1543 non
379 1481 474 1560 ‘quod
490 1483 680 1561 inperitiores
696 1482 816 1560 legunt’
840 1487 891 1545 dei
905 1485 1067 1562 (Mllpbo),
1091 1483 1181 1544 Probi
1196 1483 1310 1544 videtur

162 1583 307 1644 iudicium
342 1589 373 1644 et
405 1582 493 1646 verba
527 1585 654 1644 sortasse
692 1585 819 1646 reddere
860 1595 892 1646 ut
919 1585 984 1647 aliis
1013 1584 1101 1654 locis,
1136 1583 1310 1664 dequibus

168 1703 259 1764 supra
283 1686 393 1746 monui.
426 1685 485 1746 Sed
507 1693 627 1766 practer
649 1704 789 1764 expressa
813 1689 982 1750 testimonia
997 1705 1072 1766 quae
1087 1686 1188 1748 laudat
1203 1686 1310 1748 dubiae

165 1787 235 1847 fidei
258 1793 339 1846 sunt:
365 1805 390 1847 e.
415 1806 442 1865 g.
466 1787 677 1866 interpolatum
700 1791 732 1848 in
755 1806 800 1866 ge.
825 1786 922 1851 1203
945 1807 1011 1850 cum
1029 1789 1124 1868 Mylae
1146 1786 1194 1867 (cl.
1218 1790 1256 1866 B)
1280 1794 1311 1848 et

165 1889 261 1958 Nonio
289 1888 396 1958 tradit,
430 1890 602 1950 memoriter
629 1891 659 1950 in
690 1890 889 1952 ‘notissimis'
918 1890 1052 1951 versibus
1074 1886 1137 1952 395
1160 1906 1204 1966 sq.
1239 1899 1335 1950 tunc.

165 1994 258 2051 astris
279 2009 334 2069 pro
357 1997 419 2053 tum
440 1994 534 2052 stellis
556 1991 666 2069 posuit,
697 2009 765 2052 nam
788 1995 887 2053 videri
914 2011 968 2071 pro
997 1994 1117 2053 videtur
1144 1991 1245 2052 nescio
1273 2010 1310 2052 an

164 2095 196 2153 in
219 2091 296 2153 libro
319 2091 419 2170 aliquo
440 2094 602 2163 invenerit,
638 2094 854 2154 coniormatum
889 2093 924 2154 ad
952 2094 1112 2154 infinitivus
1140 2098 1308 2171 sequentes,

166 2212 242 2272 quos
264 2213 301 2256 ex
323 2193 380 2254 hoc
401 2196 467 2274 ipso
489 2197 606 2256 uidetur
628 2194 760 2274 pendere
782 2214 843 2256 non
865 2194 1072 2256 animadvertit
1094 2201 1255 2255 corrector.

251 2296 379 2358 Omnino
402 2296 541 2365 studium,
572 2313 631 2374 quo
659 2316 674 2358 a
697 2298 968 2375 grammatistarum
992 2305 1021 2358 et
1042 2297 1197 2358 rhetorum
1220 2313 1310 2373 grege

166 2399 247 2470 etin
269 2416 433 2477 puerorum
457 2398 567 2460 scholis
589 2400 720 2460 carmina
743 2397 906 2478 Vergiliana
936 2398 1006 2460 inde
1035 2417 1050 2460 a
1072 2399 1169 2477 primo
1192 2395 1310 2459 sacculo

165 2499 441 2580 pertractabantur,
476 2503 579 2584 nocuit
605 2519 787 2580 magnopere
820 2506 919 2563 textus
947 2501 1123 2581 integritati,
1158 2500 1209 2579 qui
1242 2517 1311 2560 cum

165 2603 251 2662 initio
271 2595 382 2681 'partim
407 2599 448 2680 (in
470 2602 600 2664 Aeneide
623 2603 715 2683 certe)
744 2604 949 2683 neglegentius
971 2606 1064 2684 ipsius
1095 2609 1201 2682 poetae
1222 2619 1311 2662 manu

166 2689 296 2782 scriptos
320 2710 408 2773 esset,
432 2710 464 2764 ut
485 2705 548 2783 ipsa
570 2703 737 2766 litterarum
749 2691 943 2784 =ambiguitate
958 2704 1143 2768 coniectandi
1158 2702 1310 2765 libidinem
1427 2736 1430 2743 ·

165 2807 312 2876 invitaret,
337 2824 407 2866 mox
431 2824 490 2866 non
514 2807 692 2869 coniecturis
715 2793 813 2878 modo,
837 2807 890 2868 scd
913 2807 1187 2886 interpretamentis
1210 2814 1239 2866 et
1260 2804 1311 2865 ad-

108 2933 114 2942 ·
144 2891 337 2969 ‘ditamentis
370 2909 468 2968 omnis
500 2909 620 2985 generis
649 2925 756 2986 magna
788 2916 872 2989 parte
906 2911 937 2970 in
965 2910 1093 2970 tironum
1122 2926 1208 2968 usum
1242 2925 1311 2968 vere

166 3008 305 3089 oppletus
328 3017 381 3071 est.
432 3011 565 3070 Accessit
593 3011 759 3087 ignorantia
790 3019 819 3071 ct
847 3019 950 3090 stupor
978 3006 1230 3088 magistellorum,
1261 3009 1312 3085 qui
1410 3093 1415 3103 Ι

166 3119 296 3172 mentem
320 3119 428 3191 poetae
451 3119 604 3188 artemque
627 3113 685 3174 iam
709 3114 825 3190 assequi
848 3131 908 3172 non
930 3119 1065 3190 possent,
1089 3119 1151 3172 tum
1174 3111 1310 3172 librario·

166 3232 234 3273 rum
256 3212 440 3276 incredibilis
462 3215 627 3283 oscitantia,
651 3233 726 3293 quae
749 3213 936 3275 multitudine
956 3221 1070 3276 tantum
1087 3211 1310 3292 exemplarium,

166 3333 235 3374 cum
252 3334 366 3385 manus,
389 3322 422 3376 ut
444 3317 536 3384 aiunt,
561 3333 682 3376 manum
704 3315 824 3385 lavaret,
849 3322 954 3394 poetae
976 3321 1080 3376 nostro
1102 3315 1200 3376 minus
1219 3331 1312 3398 ⁸quarn
1341 3332 1345 3340 ·

167 3415 234 3477 aliis
256 3419 441 3497 antiquitatis
464 3416 661 3496 scriptoribus
683 3417 779 3480 latalis
802 3418 901 3478 evasit.
951 3417 1025 3478 Nam
1053 3424 1187 3478 veterum
1210 3421 1311 3475 aucto-

166 3537 236 3582 rum
260 3517 297 3578 de
321 3518 444 3596 singulis
467 3518 603 3580 versibus
627 3521 806 3590 testimonia,
831 3513 964 3600 quamvis
986 3519 1022 3582 ad
1044 3518 1194 3580 fastidium
1218 3533 1312 3594 usquc

166 3626 249 3680 tanto
271 3638 396 3683 numero
419 3619 552 3700 dispersa
575 3622 643 3690 sint,
669 3630 708 3691 ut,
734 3623 849 3684 etiamsi
870 3623 1002 3683 continui
1024 3622 1188 3701 carminum
1211 3611 1332 3696 Vergi?

167 3720 315 3783 lianornm
338 3721 408 3784 libri
437 3721 525 3802 plane
552 3723 751 3794 interiissent,
787 3743 825 3795 er
850 3724 909 3786 illis
938 3724 1010 3786 solis
1036 3722 1180 3803 pleraque
1209 3739 1311 3781 eorum

166 3841 237 3904 pars
259 3825 377 3886 contexi
398 3832 516 3903 posset,
551 3830 652 3885 tamen
682 3826 755 3904 ipsis
776 3835 883 3904 poetae
905 3826 1004 3888 verbis
1027 3843 1142 3887 summa
1164 3841 1231 3884 cum
1254 3821 1312 3884 lide

168 3926 384 3988 constituendis
407 3927 528 3988 minime
544 3933 656 3987 tantum
674 3933 814 4003 quantum
832 3929 1033 4007 expectaveris
1049 3925 1149 3990 auxilii
1164 3925 1311 3986 adierunt.

168 4029 212 4092 Ex
237 4028 344 4106 quibus
367 4029 418 4106 qui
442 4027 596 4089 meliorem
627 4045 715 4106 quam
741 4044 797 4091 nos
824 4029 968 4092 habemus
996 4029 1127 4090 codicem
1156 4027 1312 4106 diligenter

169 4138 199 4191 et
221 4129 386 4209 prudenter
415 4128 585 4192 adbibuerit
611 4137 731 4210 praeter
753 4129 828 4202 illos,
858 4150 985 4212 quorum
1013 4149 1102 4210 supra
1129 4131 1310 4192 mentionem

168 4233 236 4300 leci,
269 4233 337 4302 nori
364 4233 524 4294 neminem.
578 4233 680 4294 Immo·
707 4232 785 4312 quod
819 4233 855 4292 de
888 4233 1007 4294 illorum
1040 4231 1226 4310 neglegentia
1253 4230 1312 4290 dixi

168 4332 269 4417 multo¹
288 4335 376 4396 etiam
399 4335 493 4412 magis
516 4333 553 4394 de
574 4333 698 4413 reliquis
721 4333 806 4404 valet,
830 4335 938 4413 quibus
960 4343 1075 4396 netum
1091 4333 1220 4414 quidem,
1245 4349 1311 4392 cum

169 4436 321 4516 expressis
345 4435 443 4500 verbis
465 4441 612 4498 testantur
635 4435 704 4513 quid
727 4437 882 4514 scripserit
902 4443 999 4516 pocta,
1023 4443 1136 4496 temere
1159 4433 1311 4514 obtempe-
