3276 5050
622 421 870 465 raoxeeounux.
1261 397 1322 463 103

175 591 364 670 compilatum
387 609 453 652 esse
476 591 655 652 corricerem.
695 590 792 652 ‘Certe
815 589 852 650 ad
874 606 921 668 ge.
945 588 971 649 ll
993 585 1057 649 224
1079 587 1117 649 de
1140 586 1242 650 Clanio
1265 588 1320 650 llu-

174 697 253 757 mine
275 693 437 755 Metrodori
459 694 666 754 auctoritatem
689 693 791 753 ascivit
813 698 1030 752 commentator
1060 691 1099 771 (p.
1122 687 1174 762 50,
1197 688 1240 752 24
1262 691 1321 770 Κ.).

174 798 211 858 Et
232 803 362 856 veterem
384 797 482 874 ipsum
505 795 730 874 grammaticum
745 794 846 864 luisse,
871 795 921 874 qui
943 812 982 854 ne
999 811 1033 854 ea
1049 792 1180 873 quidem,
1204 812 1281 873 quae
1305 812 1321 854 a

175 898 312 978 physices
340 895 495 976 disciplina
524 895 618 957 aliena
648 903 730 967 sunt,
763 895 941 975 neglexerit,
972 896 1060 958 docet
1082 896 1255 956 Veronense
1284 894 1321 956 ad

173 1002 245 1062 Aen.
270 999 295 1062 ll
317 995 380 1060 299
402 997 552 1068 scholion,
583 1015 656 1076 quo,
686 999 712 1059 si
733 997 854 1078 quidem
883 1003 965 1058 recte
987 997 1154 1059 litterarum
1178 997 1321 1074 reliquias

175 1100 323 1181 supplevit
350 1100 458 1168 Maius,
486 1100 523 1160 de
551 1097 675 1160 aedibus
703 1084 777 1160 adeo
805 1097 952 1160 Anchisae
980 1118 1039 1180 quo
1062 1099 1211 1160 Troianae
1239 1099 1321 1160 urbis

174 1203 240 1264 loco
262 1204 390 1264 luissent
411 1201 551 1263 retulisse
575 1201 710 1262 traditur.
752 1201 836 1279 ,Ergo
865 1202 890 1261 si
913 1201 1063 1280 antiquior
1085 1202 1142 1262 luit
1162 1201 1262 1262 Probo
1291 1209 1321 1262 et

174 1306 331 1374 Suetonio,
362 1305 487 1365 lortasse
516 1303 559 1364 illl
588 1304 757 1364 Sextiorum
787 1308 886 1364 sectae
908 1301 1034 1381 Augusti
1062 1309 1157 1363 aetate
1186 1303 1318 1364 elllores·

174 1408 267 1476 conti,
298 1406 335 1466 de
364 1423 422 1483 qua
439 1405 515 1466 -vide
539 1403 773 1466 Reifferscheidii
802 1411 927 1483 quaestt.
952 1405 1095 1466 Suetonn.
1126 1424 1155 1484 p.
1178 1401 1240 1466 407
1264 1423 1319 1485 sq„

176 1510 324 1588 ascriptus
353 1513 418 1568 erat
438 1505 626 1568 Metrodorus
647 1514 760 1567 noster.

259 1661 354 1722 Rarae
378 1658 525 1720 etiamad
548 1661 685 1720 bucolico
708 1658 744 1719 de
768 1659 940 1719 criticorum
970 1657 1075 1720 studiis
1103 1657 1247 1740 reliquiae
1271 1678 1321 1720 ex·

174 1769 238 1824 tant
261 1747 307 1842 (ad
330 1761 385 1822 ecl.
409 1757 487 1822 120
518 1757 616 1822 1123.
642 1757 683 1822 65
716 1757 828 1833 11130.
852 1755 914 1840 38).
971 1759 1029 1820 Sed
1060 1777 1163 1821 earum
1187 1778 1262 1838 quae
1284 1761 1321 1822 ad

174 1867 309 1926 Aeneida
331 1863 482 1944 pertinent
503 1864 689 1938 notationum
705 1863 839 1942 quamvis
862 1861 1068 1941 ‘superfluae'
1092 1880 1230 1942 maguam
1252 1882 1320 1942 par-

174 1975 232 2026 tem
257 1973 345 2046 atque
367 1965 487 2043 ineptae
516 1965 576 2024 sint
605 1963 731 2043 aliquam
761 1963 871 2023 multas
900 1962 1081 2042 colligendas
1110 1982 1177 2024 esse
1207 1966 1318 2034 censui,

174 2068 253 2129 unde
287 2073 447 2148 appareret
479 2084 566 2145 quam
606 2063 718 2125 similes
756 2066 786 2124 in
822 2065 993 2126 uuiversum
1025 2054 1098 2124 Zoili
1130 2065 1255 2126 Romani
1292 2075 1321 2127 et
1378 2063 1383 2084 ‘

106 2171 110 2178 '
173 2164 363 2230 ἐνστατικοί
376 2154 558 2230 Graecorum
583 2167 693 2228 luerint
716 2183 864 2244 quamque
886 2165 964 2227 bene
987 2165 1108 2226 illorum
1132 2186 1250 2246 quoque
1273 2186 1319 2227 ra-

174 2275 270 2333 tiones
294 2273 336 2332 cis
360 2288 520 2349 expressae
543 2271 617 2339 sint,
641 2284 718 2345 quac
740 2267 770 2328 C.
795 2265 936 2328 Lebrsius
958 2287 1019 2328 non
1042 2267 1177 2345 neglecta
1200 2286 1318 2347 compa-

171 2375 288 2435 ratione
307 2373 451 2464 disseruit
472 2375 503 2432 iu
525 2369 688 2434 Aristarchi
712 2371 758 2432 sui
781 2371 878 2450 capite
900 2369 968 2439 llll,
993 2369 1072 2449 quod
1095 2369 1151 2430 ‘de
1173 2387 1319 2449 gramma-

171 2477 238 2536 ticis
261 2477 311 2555 qui
334 2466 521 2534 ἐνστατικοὶ
544 2481 573 2534 et
595 2464 724 2532 λυτικοὶ
746 2471 817 2533 dicti
839 2474 926 2532 sunt'
949 2471 1133 2533 inscribitur.
1166 2473 1319 2553 Tantaque

172 2577 270 2638 studio
294 2576 369 2637 hanc
391 2577 578 2656 potissimum
602 2573 821 2636 estrumentandi
849 2579 965 2654 partem
992 2575 1145 2652 persecuti
1174 2583 1242 2635 sunt
1270 2577 1319 2654 qui

173 2674 285 2739 scholia
308 2685 411 2740 nostra
433 2677 628 2756 collegerunt,
653 2683 685 2738 ut
707 2675 832 2756 singulis
854 2675 928 2736 adeo
944 2675 1028 2736 libris
1045 2677 1233 2754 quaestiones
1250 2697 1319 2739 suas

144 2859 147 2864 Δ
172 2783 277 2858 cuique
308 2787 542 2861 praeponerent,
577 2787 610 2840 ut
640 2779 671 2839 in
701 2777 796 2840 Gueli.
821 2777 833 2838 l
860 2784 929 2857 pust
955 2775 1164 2844 Aen.11804
1191 2779 1315 2859 legitur:
1351 2807 1353 2810 ·

134 2955 139 2966 „
173 2884 339 2962 ‘incipiunt
369 2884 558 2962 quaestiones
585 2879 655 2940 libri
683 2881 776 2941 tertii:
814 2883 925 2942 incerti
950 2898 1008 2956 quo
1033 2880 1105 2954 sato
1128 2881 1238 2956 ferant
1261 2881 1315 2962 (7);

172 2985 319 3061 quomodo
351 3003 423 3063 ergo
451 3002 540 3062 supra
569 2982 680 3043 dictum
709 2989 767 3042 est:
806 2990 835 3042 et
861 2989 974 3043 terram
996 2983 1176 3059 Hesperium
1198 2988 1318 3045 uenies?

172 3087 209 3167 (ll
233 3083 305 3167 781)
330 3085 453 3147 solvitur
477 3087 534 3146 sic:
559 3083 707 3164 quomodo
723 3101 784 3144 non
800 3083 872 3145 dixit
887 3085 1019 3146 incertus
1034 3087 1165 3164 ignaros,
1189 3086 1242 3147 sed
1266 3087 1316 3165 qui

173 3189 333 3258 nescirent,
357 3188 438 3249 ltalia
461 3187 512 3248 ubi
535 3189 642 3248 esset.’

225 3381 227 3386 .
257 3342 358 3421 lpsum
382 3359 451 3402 vero
466 3341 689 3418 Aencomastiga
709 3345 916 3418 repraesentat
931 3338 1008 3419 apud
1023 3338 1205 3400 Macrobium
1220 3340 1317 3401 Euan·

170 3443 270 3522 geluS,
301 3443 503 3504 ‘amarulenta
528 3441 683 3502 dicacitate
706 3448 735 3501 et
757 3439 864 3528 linguq
881 3449 1019 3520 proterve
1040 3441 1181 3528 mordaci,
1205 3461 1316 3521 procax

171 3563 206 3606 ac
230 3564 353 3607 securus
376 3546 573 3606 offensarum'
598 3563 623 3605 e.
647 3564 674 3623 q.
700 3563 723 3604 s.
771 3544 841 3624 (Sat.
866 3542 879 3602 l
902 3541 930 3614 7,
946 3540 988 3622 2.)
1034 3544 1127 3615 Quem
1150 3552 1249 3605 tamen
1271 3546 1315 3605 in·
1393 3585 1395 3588 -

171 3647 239 3708 vehi
261 3648 291 3707 in
314 3647 476 3726 Vergilium
500 3645 549 3706 ille
572 3647 604 3706 in
626 3645 695 3706 libri
718 3645 730 3705 l
754 3665 778 3706 c.
801 3642 844 3704 24
865 3647 968 3724 paucis
991 3653 1104 3707 tantum
1128 3664 1222 3726 eoque
1245 3665 1315 3708 con·

170 3749 235 3810 silio
266 3751 390 3828 patitur,
427 3755 460 3808 ut
493 3748 529 3808 ad
560 3747 663 3808 laudes
696 3754 865 3808 ceterorum
895 3749 971 3808 viam
1004 3749 1127 3810 muniat.
1178 3748 1237 3810 Sed
1272 3767 1315 3829 req

169 3851 348 3930 paucissima
383 3869 459 3928 quae
495 3849 545 3910 ille
581 3850 779 3910 vociferatur:
819 3851 887 3928 ‘qui
924 3853 1002 3912 enim
1038 3854 1172 3914 moriens
1208 3868 1313 3932 poema

162 3971 257 4014 suum
279 3952 388 4032 legavit
409 3955 470 4031 igni
492 3952 562 4032 quid
591 3953 649 4012 nisi
679 3951 775 4012 lamae
809 3971 880 4012 suae
913 3954 1079 4031 posteritati
1111 3955 1315 4017 subtrahendo

170 4056 300 4116 curauit?
337 4073 394 4116 nec
415 4057 570 4116 inmerito:
610 4052 730 4116 erubuit
758 4056 867 4134 quippe
897 4055 934 4115 de
965 4074 997 4116 se
1019 4057 1119 4118 lutura
1141 4057 1265 4128 iudicia,
1289 4063 1314 4124 si

168 4156 319 4236 legeretur
346 4161 454 4234 petitio
483 4159 560 4220 deae
585 4158 741 4233 precantis
766 4160 829 4231 ratio
863 4176 952 4220 arma
984 4177 1004 4219 a
1033 4162 1144 4220 monto
1175 4163 1241 4221 cut.
1258 4163 1317 4221 soli

168 4267 315 4335 nupserat
335 4277 390 4322 nec
412 4277 452 4320 ea
473 4277 509 4321 eo
525 4263 645 4338 molera
667 4263 829 4335 suscepisse
849 4267 1036 4334 cenaverat,
1059 4259 1105 4321 vel
1121 4262 1147 4322 si
1161 4259 1242 4321 mille
1257 4261 1313 4322 alia

170 4359 297 4422 multum
320 4361 458 4440 pudenda
482 4379 534 4423 seu
556 4363 587 4421 in
611 4361 709 4424 verbis
731 4361 820 4422 modo
844 4363 965 4424 Graecis
992 4363 1080 4424 modo
1102 4361 1237 4424 barbaris
1260 4381 1313 4423 seu

170 4464 201 4522 iu
225 4464 288 4542 ipsa
312 4463 507 4543 dispositione
530 4464 630 4542 operis
653 4462 986 4542 deprehenderentur’‚
1016 4472 1140 4543 tangunt
1167 4466 1314 4544 quaestio·
