3230 5046
619 405 862 476 rnonnuousua
1248 411 1309 478 195

169 597 247 678 apud
270 597 547 660 Reifferscheidium
570 601 600 659 in
614 599 758 676 ¹reliquiis
781 571 968 661 Suetonianis
989 619 1018 680 p.
1043 596 1093 661 86.
1144 599 1185 664 Ex
1207 599 1312 662 Hiero·
1360 589 1363 594 ’

169 719 257 780 nymo
281 702 359 762 enim
376 719 554 780 quamquam
571 720 629 762 non
645 701 754 763 latetur
769 701 824 762 alia
846 719 966 781 quoqne
981 701 1142 764 Bernensis
1158 701 1313 764 scholiasta

169 803 204 862 ad
222 801 345 864 verbum
363 804 540 882 compilavit,
564 802 645 864 velut
666 803 701 864 ad
726 803 779 864 ecl.
804 804 844 864 lIl
867 799 909 865 90
931 805 985 865 ‘M.
1001 803 1107 865 Bavius
1123 812 1208 884 poeta
1225 823 1312 883 quem

168 904 309 983 Virgilius
336 907 367 966 in
399 905 541 967 bucolicis
568 913 665 976 notat,
700 907 730 965 in
753 905 937 985 Cappadocia
953 907 1096 967 moritur'
1121 906 1168 986 (ci.
1191 907 1311 968 Hieron.

169 1005 213 1068 01.
241 1003 310 1077 186,
334 1004 355 1067 2
386 1007 508 1068 Sueton.
531 1007 584 1068 rel.
609 1027 638 1087 p.
654 1003 693 1068 41
712 1007 758 1087 R.)
788 1015 817 1068 et
838 1007 874 1068 ad
898 1007 952 1069 ecl.
975 1007 998 1066 V
1020 1025 1132 1086 argum.
1157 1007 1314 1069 ‘Aemilius

168 1109 282 1179 Macer,
318 1105 512 1179 Veronensis
547 1111 577 1168 in
610 1111 676 1171 Asia
710 1111 853 1170 moritur'
888 1110 934 1190 (ci.
964 1111 1086 1171 Hieron.
1118 1109 1162 1171 Ol.
1194 1107 1263 1181 191,
1295 1109 1311 1170 1
1354 1189 1355 1193 ¹

169 1211 290 1272 Sueton.
314 1206 432 1272 11143
455 1211 510 1289 11.)
557 1211 740 1291 Quamquam
765 1213 904 1274 Suetonii
923 1227 1040 1292 quoque
1063 1210 1147 1272 libris
1170 1230 1242 1273 usus
1266 1219 1312 1272 est

169 1314 334 1375 ε11111111.
351 1313 425 1374 Nam
437 1312 508 1373 licet
520 1330 595 1390 quae
608 1314 645 1374 ad
657 1332 704 1392 ge.
717 1314 743 1374 ll
757 1310 816 1376 158
829 1314 1008 1375 adnotantur
1020 1313 1212 1375 ‘Adriaticum
1226 1333 1312 1394 supe·

168 1435 234 1476 rum
252 1423 381 1484 vocatur,
399 1414 586 1495 Tyrrhenum
602 1417 742 1484 inierum.
760 1425 792 1478 nt
802 1417 926 1478 Iunilius
942 1424 971 1478 et
981 1416 1171 1494 Tranquillus
1186 1405 1312 1486 dicunt’,

169 1538 204 1579 ex
229 1518 336 1580 lsidori
365 1519 464 1598 potius
487 1517 523 1578 de
546 1525 604 1578 nat.
634 1537 693 1578 rer.
718 1517 823 1579 XLllll
851 1519 956 1580 hausta
985 1537 1051 1580 esse
1079 1518 1172 1580 videri
1199 1521 1315 1599 possint

169 1638 257 1698 quarn
281 1639 316 1680 ex
340 1619 472 1682 Suetonii
501 1621 594 1698 pratis
625 1619 659 1699 (v.
684 1620 806 1681 Suet-on.
837 1621 872 1681 lr.
899 1611 958 1684 157
982 1641 1011 1700 p.
1035 1616 1099 1681 242
1121 1619 1182 1700 it),
1213 1628 1313 1682 tamen

169 1721 205 1783 ad
229 1738 274 1798 ge.
300 1721 355 1782 llll
380 1718 420 1782 14
441 1723 504 1799 ipsa
521 1719 685 1801 Tranquilli
709 1741 744 1782 ex
760 1722 875 1784 docimo
890 1733 1044 1802 pratorum
1062 1722 1150 1783 verba
1167 1725 1314 1802 exscripta

170 1831 238 1884 sunt
262 1823 300 1901 lv:
322 1823 442 1884 Sueton.
467 1824 503 1883 ir.
531 1819 592 1884 184
613 1843 641 1903 p.
665 1821 748 1904 257).
780 1825 841 1889 'Gi
864 1832 1020 1905 praeterea
1050 1823 1141 1886 schol.
1165 1825 1254 1886 Bern.
1278 1824 1313 1887 ad

170 1945 215 2005 ge.
239 1925 293 1986 llll
318 1921 376 1986 121
402 1926 482 2005 (item
505 1925 625 1986 Servius
648 1934 678 1986 et
692 1926 822 1987 Probus:
847 1928 969 1989 Sueton.
993 1928 1028 1987 11.
1052 1922 1116 1988 209
1136 1945 1166 2006 p.
1189 1923 1252 1989 355
1267 1927 1313 2003 R.)

170 2035 200 2088 et
223 2027 259 2090 ad
283 2021 347 2088 564
370 2025 502 2105 (Sueton.
526 2028 563 2087 11.
586 2023 649 2089 203
671 2046 700 2106 p.
724 2025 787 2090 350
808 2027 866 2108 Β).

254 2182 358 2242 Variae
388 2180 423 2240 ad
457 2182 593 2242 lincoliae
621 2187 651 2240 et
682 2185 828 2256 peoruicu
861 2183 1025 2262 scripturae
1054 2199 1089 2241 ex
1113 2181 1315 2244 Beruense'dus

175 2285 297 2344 scholiis
320 2283 408 2342 etiam
432 2281 693 2343 enotandaesunt
721 2281 828 2351 haece,
863 2300 936 2360 quas
969 2283 1182 2344 commentario
1210 2285 1314 2346 critico

72 2401 82 2418 ·
169 2404 222 2445 suo
251 2391 388 2464 tempore
416 2386 550 2445 inserere
578 2403 637 2444 non
668 2386 765 2464 potui,
796 2387 864 2464 quia
888 2383 984 2445 Caroli
1007 2383 1157 2446 Guilielmi
1179 2385 1313 2469 Muelleri
1401 2433 1403 2440 .

171 2493 391 2566 programmata
432 2493 569 2563 quattuor
598 2485 878 2566 Rudolphipolitana
913 2505 1061 2548 annorum
1095 2483 1185 2548 1841.
1222 2484 1312 2550 1852.
1369 2511 1371 2514 ·

171 2584 262 2650 1853.
289 2584 373 2649 1854
397 2595 464 2648 tunc
486 2589 630 2667 temporis
653 2589 763 2650 frustra
787 2591 1000 2668 quaesiveram.
1045 2589 1313 2652 1111111111-

169 2690 249 2751 litate
265 2689 428 2751 Hermanni
443 2689 554 2768 Hagen,
581 2691 630 2767 qui
647 2709 751 2751 novam
767 2691 875 2753 horum
892 2697 1131 2752 commentorum
1154 2692 1313 2754 editionem

170 2792 301 2863 molitur,
326 2793 452 2870 contigit
473 2797 506 2853 ut
527 2793 634 2853 iterum
657 2795 878 2854 accuratissime
899 2812 966 2854 cum
986 2792 1088 2854 codice
1104 2792 1208 2878 collata
1224 2795 1312 2874 paulo

170 2895 257 2954 etiarn
275 2893 475 2954 emendatiora
492 2911 610 2972 possem
628 2913 703 2973 quae
719 2895 754 2956 ad
772 2902 905 2957 nostram
920 2915 985 2956 rem
1000 2895 1113 2956 iaciunt
1133 2914 1312 2977 proponere.

169 2997 244 3056 Sunt
266 3002 363 3056 autem
387 2995 475 3056 haec:
1032 2989 1035 2996 '

212 3147 267 3208 ecl.
305 3143 382 3210 154
413 3165 514 3210 rorem

233 3283 245 3294 ·
302 3245 378 3310 -68
411 3252 560 3325 tuguri,
590 3250 677 3329 ipro
699 3251 729 3310 ii.

234 3347 837 3432 --Wmmmwmffl

235 3483 246 3494 ·
292 3449 383 3514 1120
416 3453 482 3513 ‘alii
512 3455 553 3513 sic
588 3452 786 3532 distinguunt:
816 3456 949 3530 peeoris.
983 3455 1070 3524 nivei,
1104 3454 1170 3533 quia
1204 3455 1314 3534 antiqui

411 3553 527 3616 laneam
550 3553 646 3616 albam
669 3554 827 3616 admodum
850 3553 1036 3633 diligebant'.
1083 3554 1216 3635 (pecoris
1237 3559 1317 3618 nivei

412 3655 493 3726 cod,
523 3663 604 3716 recte
628 3655 761 3717 distinxit
781 3656 818 3716 H.
841 3656 959 3735 Hagen:
995 3657 1031 3718 11.
1055 3657 1185 3718 Servius.
1227 3658 1312 3720 Com·

411 3753 561 3818 mentator
599 3759 629 3818 in
666 3777 720 3820 suo
758 3758 871 3820 codice·
897 3760 1051 3819 coniuncta
1089 3758 1161 3837 legit
1191 3763 1315 3837 pecoris

410 3858 511 3940 nivei.)

233 3990 244 4004 ·
289 3960 313 4018 V
355 3957 375 4021 3
409 3963 932 4040 ‘consedimusproconsidr'mns’
946 3959 1313 4041 (consedimnsbiscodex,

409 4064 594 4126 considemus
620 4081 676 4142 pro
704 4066 892 4132 consedimus
917 4062 1093 4135 Muellerus,
1126 4066 1314 4127 consedimus

411 4164 599 4227 scholiastam
628 4164 736 4244 legisse
757 4165 898 4244 Hagenus
927 4183 963 4226 ex
986 4173 1161 4244 argumento
1185 4162 1312 4245 eclogae,

412 4266 465 4328 ubi
486 4268 517 4327 in
541 4265 646 4327 eodem
669 4267 814 4330 versiculo
830 4270 1024 4331 'consedimus
1046 4267 1192 4339 laudatur,
1216 4269 1312 4329 evicit.

410 4369 592 4430 considemus
613 4368 662 4448 ue)

234 4500 246 4515 ·
296 4499 309 4514 ·
340 4464 383 4530 28
411 4470 479 4544 seri

335 4573 340 4588 ¹
1044 4570 1109 4634 13*
