3212 5042
294 416 337 480 50
742 443 985 488 enotunomunn.

295 619 445 678 moneret,
478 611 534 669 nisi
563 611 638 670 lorte
661 611 801 672 Horatius
824 629 941 692 quoque
965 615 1076 693 impius
1100 615 1243 677 dicendus
1273 625 1331 689 est,
1361 619 1441 696 quod

293 717 450 789 postquam
475 711 621 773 ‘nullam’
645 715 756 792 inquit,
786 715 889 785 ‘Vere
915 733 999 776 sacra
1021 719 1079 777 vite
1102 719 1186 796 prius
1209 722 1322 780 severis
1351 721 1440 782 arbo-

293 817 390 883 rem',
425 820 525 874 tamen
555 814 758 876 Centbaureae
787 834 854 878 cum
882 817 1014 897 Lapithis
1047 820 1128 879 rixae
1162 837 1282 898 gravem
1315 823 1441 886 mentio-

293 933 361 974 nem
384 917 463 992 lecit.
908 976 914 996 ,

377 1017 518 1089 Futtllem
534 1027 602 1098 post
616 1016 678 1081 503
694 1039 812 1081 versum
834 1018 965 1082 ’1111506
989 1029 1019 1082 et
1042 1021 1085 1083 vel
1107 1027 1235 1103 repetito
1257 1027 1441 1106 insequenti

293 1136 318 1178 v.
347 1115 523 1182 5071111113
555 1125 732 1201 pronomine
761 1131 932 1202 suspectum
967 1125 1074 1185 merito
1102 1125 1269 1205 repudiavit
1296 1127 1439 1208 Heynius.

291 1224 332 1282 Ac
354 1225 458 1284 reiecit
481 1223 704 1303 Peerlkampus
721 1225 810 1284 etiam
833 1243 859 1285 r.
883 1221 950 1285 504
972 1245 1032 1304 sq„
1062 1246 1189 1306 quorum
1213 1247 1283 1288 sane
1306 1231 1336 1289 in
1360 1248 1441 1290 com-

291 1327 446 1385 mentariis
479 1325 560 1384 nulla
593 1327 625 1385 lit
658 1327 779 1386 mentio.
836 1328 873 1387 nt
901 1327 1007 1387 Donati
1035 1335 1063 1387 et
1092 1329 1234 1389 Macrobii
1252 1333 1442 1406 ‘testimoniis

293 1427 447 1487 diffidendi
470 1444 574 1487 causas
596 1447 656 1487 non
677 1427 802 1488 idoneas
824 1427 955 1506 protulit.
1007 1429 1091 1500 Quod
1115 1441 1214 1491 autem
1237 1435 1441 1494 evanescentis

291 1527 453 1607 Eurydices
475 1528 565 1588 verba
588 1547 648 1589 non
671 1530 767 1610 finita,
801 1529 852 1589 sed
881 1531 967 1606 quasi
994 1532 1024 1590 in
1055 1550 1143 1593 auras
1172 1516 1292 1594 dissolvi
1313 1535 1441 1613 legimus

291 1651 316 1689 v.
340 1627 413 1699 498,
438 1639 532 1691 artem
555 1639 670 1710 poetae,
695 1649 755 1690 non
778 1638 879 1690 textus
902 1630 997 1691 labem
1021 1635 1220 1709 agnoscimus.
1322 1669 1326 1675 ·

376 1733 533 1793 Praeterea
555 1735 586 1792 in
609 1734 707 1810 primo
731 1731 820 1801 libro,
841 1732 904 1792 'ubi
928 1735 1087 1812 exponitur
1106 1755 1166 1814 quo
1185 1736 1311 1798 consilio
1334 1736 1440 1798 limna-

289 1853 345 1894 nos
361 1833 479 1894 labores
495 1835 629 1912 luppiter
652 1835 824 1903 instituerit,
849 1834 962 1894 scilicet
985 1839 1037 1895 ‘ut
1059 1839 1154 1898 varias
1177 1857 1248 1899 usus
1270 1839 1441 1900 meditando

290 1936 468 1996 extunderet
490 1939 589 1996 arles'
615 1935 649 2014 (v.
676 1933 756 2015 133),
781 1943 811 1996 31
832 1935 960 1996 duorum
984 1941 1173 2017 sequentium
1197 1943 1333 2001 versuum
1357 1941 1439 2003 lasti·

289 2038 400 2098 diosam
426 2037 664 2098 conformitatem
688 2038 770 2097 etin
794 2039 874 2098 exitu
898 2041 1120 2100 consonantiam
1145 2043 1341 2102 ‘extunderet
1356 2046 1439 2112 artis,

289 2145 448 2216 quaereret
470 2139 611 2209 herbam,
641 2139 802 2200 excuderet
829 2141 948 2216 ignem'
979 2149 1007 2200 et
1033 2143 1111 2219 ignis
1139 2145 1326 2222 potissimum
1356 2163 1440 2204 men·
1484 2137 1496 2156 ’

288 2244 399 2301 tionem
422 2247 502 2301 tanta
526 2241 650 2320 insuper
673 2243 816 2318 repetitae
839 2252 870 2302 ut
893 2241 1014 2302 voculae
1046 2245 1072 2302 vi
1094 2247 1191 2306 statim
1215 2247 1352 2306 iniectam
1375 2264 1438 2305 me·

289 2345 345 2402 rito
369 2342 535 2403 miraberis.
581 2343 655 2402 Nam
679 2349 798 2402 ceterae
822 2343 941 2421 quidem
965 2351 1059 2413 arteS,
1089 2354 1122 2406 ut
1149 2365 1238 2407 naves
1266 2346 1439 2407 aedificandi

289 2442 381 2525 (136),
407 2444 560 2504 stellarum
584 2462 706 2504 cursum
729 2426 909 2504 observandi
935 2441 1005 2524 (137
1030 2448 1095 2524 sq.),
1127 2449 1252 2508 venandi
1277 2446 1348 2528 (139
1371 2448 1438 2528 sq.),

286 2547 420 2626 piscandi
444 2544 513 2624 (141
533 2541 600 2624 sq.),
627 2544 791 2606 fabricandi
814 2546 849 2606 ad
874 2548 949 2607 vitae
966 2566 1052 2608 usum
1068 2549 1264 2610 instrumenta
1282 2547 1353 2630 (142
1373 2553 1438 2630 sq.),
1476 2543 1479 2546 ’

287 2647 535 2726 insequentibus
566 2647 707 2725 deinceps
738 2654 913 2724 tanguntur:
949 2656 1011 2709 tum
1041 2649 1158 2710 demum
1188 2651 1224 2711 ad
1248 2651 1365 2712 Cereris
1392 2654 1438 2710 in-

287 2751 386 2810 stituta
410 2751 557 2808 transitus
587 2757 710 2826 paratur
735 2745 806 2826 (145
829 2752 914 2828 sqq).
967 2751 1071 2830 Neque
1101 2760 1151 2812 aut
1180 2753 1358 2831 corrigendo
1387 2756 1440 2814 ‘ut

287 2851 378 2911 sulcis
403 2897 408 2909 .
435 2897 441 2909 .
469 2899 474 2910 .
498 2858 526 2909 ct
555 2849 664 2909 silicis’
693 2859 884 2910 removentur
911 2853 978 2913 vitia
1001 2853 1050 2913 illa
1073 2862 1123 2914 aut
1146 2854 1302 2931 Wagneri,
1334 2857 1383 2930 qui
1412 2874 1438 2915 v.

288 2950 349 3013 135
371 2955 402 3012 in
426 2953 558 3029 margine
583 2970 597 3011 3
621 2951 751 3029 Vergilio
783 2952 951 3032 adpositum
981 2955 1072 3022 luisse
1101 2958 1284 3034 suspicatur,
1315 2957 1438 3016 artificio

287 3058 357 3115 satis
381 3061 574 3114 excusantur.
620 3054 675 3125 Qui
698 3056 723 3113 si
747 3057 933 3133 ascripsisset
956 3073 1073 3116 versum
1096 3056 1189 3126 illurn,
1214 3057 1344 3118 nonalia
1368 3077 1437 3136 pro-

286 3159 364 3217 lecto
389 3176 477 3216 causa
500 3155 529 3214 id
555 3155 662 3216 iecisse
689 3155 840 3234 putandus
869 3166 961 3228 esset,
992 3177 1080 3236 quam
1107 3166 1142 3218 *ut
1169 3158 1282 3238 reliqua
1312 3159 1436 3238 ampliti-

288 3267 384 3328 caret,
418 3260 519 3334 itaque
547 3259 611 3336 ipse
641 3276 761 3318 suorum
791 3265 949 3338 corruptor
979 3261 1134 3322 extitisset.
1192 3261 1273 3331 Quae
1301 3279 1368 3337 epm
1398 3263 1437 3321 ita

287 3363 356 3429 sint,
381 3379 448 3422 cnm
471 3378 590 3419 versum
618 3356 680 3435 134
701 3377 879 3438 quamquam
903 3369 932 3420 31
946 3360 1044 3421 Probo
1067 3363 1135 3422 inst.
1159 3379 1284 3440 gramm.
1307 3363 1320 3422 l
1343 3361 1372 3432 9,
1399 3361 1436 3422 11

285 3470 314 3520 31
337 3461 432 3521 Nonio
455 3459 526 3530 317,
555 3455 592 3520 13
625 3469 728 3521 notum
759 3463 823 3521 sine
850 3461 910 3522 ullo
939 3461 1046 3523 damno
1076 3471 1164 3542 atque
1194 3465 1281 3523 etiam
1312 3465 1438 3524 lortasse

284 3582 351 3622 cum
375 3562 473 3638 aliquo
496 3562 651 3623 commodo
675 3563 838 3622 desiderari
860 3581 951 3642 posse
979 3564 1079 3624 iudico
1102 3573 1163 3626 tum
1180 3574 1352 3644 sequentem
1375 3583 1436 3625 ma-

284 3667 362 3724 xima
385 3663 593 3743 probabilitate
621 3663 706 3724 reddi
734 3665 960 3743 interpolatori,
993 3667 1043 3742 qui
1070 3667 1100 3726 in
1123 3669 1195 3728 Aen.
1219 3667 1231 3726 l
1256 3664 1317 3728 174
1345 3668 1437 3727 ‘silici

289 3765 448 3826 scintillam
480 3765 616 3825 excudit'
645 3773 675 3825 et
696 3765 773 3827 Vll
803 3769 932 3827 ‘semina
961 3751 1098 3829 flammae
1125 3769 1267 3830 Abstrusa
1296 3771 1326 3828 in
1357 3770 1438 3829 venis

283 3867 392 3927 silicis'
416 3869 550 3927 invenire
575 3875 702 3946 poterat,
729 3869 809 3929 unde
831 3887 884 3929 sua
908 3870 1134 3949 conglutinaret.

369 3969 494 4030 Versum
517 3971 530 4030 1
555 3967 625 4040 144,
650 3989 740 4050 quem
762 3978 830 4050 post
844 3971 1005 4050 Rryantum
1021 3972 1235 4053 Peerlkampus
1256 3971 1275 4033 l.
1292 3971 1311 4033 l.
1328 3991 1357 4051 p.
1377 3969 1437 4034 125

283 4080 312 4132 et
334 4071 497 4132 Ladevicus
526 4073 556 4132 in
581 4075 785 4152 suspicionem
815 4081 1008 4143 vocaverunt,
1041 4073 1172 4135 Senecae
1207 4075 1366 4136 alletoritas
1389 4075 1434 4133 vix

283 4176 353 4234 satis
376 4173 527 4234 tuebitur:
555 4174 659 4253 quidni
682 4177 759 4234 enirn
784 4175 861 4252 apud
885 4175 1096 4254 huncquoque
1112 4195 1127 4235 a
1144 4176 1256 4236 lectore
1279 4177 1437 4236 temerario

282 4277 398 4336 additus
421 4294 486 4335 esse
509 4277 625 4355 possit?
650 4285 680 4336 et
704 4276 792 4336 babet
808 4278 903 4346 cunei,
928 4279 1010 4355 quani
1025 4295 1060 4336 eo
1075 4288 1143 4355 post
1157 4281 1305 4338 inventam
1322 4297 1435 4338 serram

282 4381 323 4439 uti
348 4379 506 4439 desiissent
528 4379 673 4446 homines,
698 4380 952 4456 commemoratio,
976 4378 1054 4456 quod
1070 4397 1239 4458 perversam
1264 4379 1349 4440 scioli
1370 4379 1436 4440 dili·

256 4527 262 4542 .
280 4485 410 4562 gentiam
433 4481 519 4545 oleat.
