3276 5050
493 357 496 368 ’
523 393 530 407 ·
643 385 886 430 Pnocnaouuuu.
1272 363 1331 426 121

112 621 116 632 ,
192 557 257 616 leci.
304 554 488 633 Quamquam
511 555 611 616 nescio
634 573 672 614 an
695 554 809 615 dehac
838 571 957 635 quoque
980 553 1041 628 alia
1072 553 1266 632 praeferenda
1296 554 1333 613 sii

147 653 157 662 ”
192 659 378 726 coniectura,
408 675 495 734 quam
517 657 595 718 inira
617 652 795 740 proponam,
840 655 925 728 Quod
948 655 984 716 ad
1006 659 1077 718 Aen.
1102 654 1128 716 ll
1152 651 1191 716 15
1214 655 1333 716 Servius

193 759 313 820 adnotat
340 759 488 839 Hyginum
522 777 631 838 equum
661 759 822 821 Troianum
858 759 1146 820 ‘machinamentum
1175 756 1332 818 bellicum’

193 860 342 930 habuisse,
366 863 445 922 inter
468 863 674 922 commentarii
696 862 856 940 Vergiliani
878 860 1017 939 reliquias
1040 859 1333 922 admodum'incerta

136 1007 141 1014 -
194 967 364 1026 coniectura
386 965 487 1044 posuit
509 965 632 1025 Buntins
654 984 682 1044 p.
705 961 763 1034 28,
791 965 823 1025 id
849 963 928 1044 quod
957 963 1001 1024 vel
1025 961 1192 1024 Tuberonis
1219 963 1335 1039 antiqui

193 1065 272 1128 illius
299 1067 493 1133 historiarum
520 1067 675 1146 scriptoris
703 1066 762 1128 illic
791 1085 858 1128 cum
887 1067 994 1146 Hygini
1028 1066 1148 1126 nomine
1178 1065 1334 1126 coniuncta

194 1171 338 1231 memoria
360 1169 553 1254 demonstrat.
1137 1185 1140 1189 '

658 1322 661 1327 Ι
728 1405 802 1489 qe.

280 1580 387 1660 Hygini
409 1582 527 1658 patroni
550 1581 670 1659 vestigia
693 1581 723 1640 in
745 1579 850 1640 studiis
873 1586 960 1656 atque
983 1578 1117 1639 doctrina
1139 1584 1260 1638 secutus
1283 1584 1337 1646 est,

195 1689 227 1742 ut
253 1683 294 1742 ait
316 1682 475 1748 Suetonius
503 1682 540 1742 de
569 1678 761 1760 1113620,
791 1681 918 1743 libertus
946 1680 1024 1740 illius
1051 1683 1148 1742 Iulius
1171 1681 1335 1756 Modoutou,

198 1785 281 1845 cuius
303 1790 461 1863 praecepta
479 1786 669 1862 grammatica
687 1783 831 1863 quaedam
852 1785 969 1861 saepius
981 1782 1141 1852 Charisius,
1166 1781 1258 1844 semel
1270 1783 1337 1843 llio·

195 1887 298 1947 medes
313 1885 451 1947 laudavit.
482 1887 674 1948 Doctissimos
692 1887 771 1946 inter
793 1893 949 1965 poetarum
971 1886 1152 1964 interpretes
1174 1884 1220 1945 vel
1242 1886 1340 1964 primo

196 1988 262 2048 loco
291 2007 308 2048 a
329 1987 463 2050 Martiale
485 1985 512 2050 X
533 1985 591 2057 21,
625 1990 704 2048 inter
726 1988 841 2048 Horatii
870 1994 1119 2049 commentatores
1148 1994 1340 2048 enumeratur

109 2105 133 2158 s
197 2091 226 2150 in
250 2091 306 2150 vita
328 2092 392 2152 eius
414 2096 519 2170 poetae
548 2089 595 2169 (cl.
619 2089 764 2168 Bergkius
790 2091 820 2150 in
844 2088 960 2168 ephem.
984 2091 1074 2169 antiq.
1100 2086 1182 2151 1845
1204 2109 1233 2168 p.
1259 2085 1339 2168 118),

198 2191 386 2270 eundemque
401 2191 524 2270 Vergilii
539 2193 669 2252 carmina
692 2193 799 2252 sinon
821 2193 899 2252 iusto
922 2193 1145 2260 commentario,
1168 2199 1197 2252 at
1213 2192 1339 2270 carptim

198 2303 279 2356 certe
302 2297 417 2356 sivein
440 2296 646 2375 quaestionum
670 2293 860 2354 contusarum
888 2292 988 2363 libris,
1018 2311 1094 2372 quos
1118 2291 1230 2354 Gellius
1259 2311 1338 2353 ccm-

198 2403 353 2464 memorat.
379 2399 440 2459 sive
462 2399 492 2457 in
515 2397 581 2458 aliis
603 2397 723 2476 scriptis
743 2395 934 2456 illustravisse
958 2396 1082 2456 conicio.
1114 2396 1153 2457 Ut
1170 2396 1248 2456 enim
1263 2395 1340 2474 apud

199 2499 364 2560 Charisium
386 2519 415 2578 p.
440 2496 480 2560 78
504 2507 533 2560 et
556 2495 616 2560 183
639 2497 676 2558 de
698 2497 829 2558 adverbii
852 2499 956 2559 formis
979 2495 1097 2576 ‘large'
1122 2505 1150 2558 et
1173 2496 1339 2576 ‘largiter',

199 2609 228 2661 ct
251 2619 278 2678 p.
302 2597 343 2663 56
367 2609 396 2662 ot
420 2597 480 2662 100
503 2600 538 2662 de
562 2603 828 2680 comparativorum
853 2601 1008 2660 nominum
1036 2599 1232 2662 declinatione
1255 2618 1340 2679 prae·

200 2705 313 2782 cepisse
336 2703 439 2772 fertur,
466 2705 506 2764 ita
530 2705 671 2765 ‘crurum
694 2705 795 2764 tenus'
831 2701 909 2781 quod
931 2703 963 2762 in
985 2703 1146 2780 georgicon
1168 2701 1208 2762 lll
1230 2697 1271 2763 53
1295 2707 1340 2760 est

200 2805 350 2883 explicare
372 2806 468 2884 potuit
491 2804 691 2886 (Plrilargyr.):
716 2825 803 2885 quam
826 2811 924 2866 autem
947 2803 1033 2866 docte
1056 2805 1226 2884 etcopiose
1249 2803 1341 2862 disse-

199 2908 296 2969 ruerit
318 2906 430 2968 dehac
452 2909 683 2986 praepositione,
707 2906 889 2985 intellegitur
912 2909 943 2968 ni
966 2906 1052 2967 tallor
1076 2925 1112 2966 ex
1126 2906 1232 2974 Nonio,
1257 2907 1342 2973 cuius

200 3010 237 3070 de
255 3013 398 3086 protinus
420 3015 449 3069 et
470 3016 555 3074 tenus
577 3009 729 3071 vocabulis
744 3009 841 3070 locum
864 3012 1013 3088 integrum
1035 3007 1073 3088 (p.
1090 3005 1161 3077 375,
1184 3004 1341 3077 29-377,

199 3111 249 3192 33)
274 3131 311 3172 ex
326 3109 392 3174 lulii
407 3111 533 3172 Modesti
556 3112 778 3189 quaestionibus
801 3111 1085 3172 conlusis'haustum
1109 3129 1175 3186 esse
1197 3110 1341 3188 suspicor.

284 3215 381 3294 thue
404 3214 441 3274 de
465 3230 541 3291 equo
558 3213 665 3276 Seiano
682 3214 874 3294 proverbium
897 3215 927 3274 in
951 3212 1113 3274 earundem
1137 3213 1343 3292 quaestionum

185 3305 276 3378 'libro
300 3316 431 3378 secundo
449 3314 532 3398 (Geli.
550 3314 633 3396 1119)
658 3317 814 3384 enarravit,
838 3318 887 3377 ita·
900 3321 1028 3376 veterem
1050 3331 1149 3376 rauce
1171 3317 1342 3390 querellam,

201 3437 276 3497 quae
298 3437 344 3498 ge.
369 3415 465 3480 1378
488 3426 746 3508 commemoratur,
771 3416 1030 3480 sive-Menecratis
1052 3415 1187 3498 Lydiacis
1209 3417 1270 3476 sive
1292 3415 1343 3476 Ni·

202 3521 304 3583 candri
329 3514 594 3600 ἕτεροιουμένοις
611 3540 683 3582 usus
707 3520 754 3602 (cl.
771 3521 937 3583 Antoninus
953 3518 1098 3580 Liberalis
1113 3515 1164 3590 35)
1187 3517 1284 3579 sabula
1308 3519 1344 3578 de

201 3622 369 3702 pastoribus
397 3642 414 3684 a
441 3623 554 3685 lunone
582 3624 703 3684 mutatis
736 3629 855 3684 narrata
888 3619 1037 3682 illustrare
1070 3623 1181 3700 potuit;
1217 3639 1344 3700 cumque

201 3724 292 3786 Probi
313 3726 364 3802 qui
387 3724 494 3786 dicitur
516 3725 553 3786 ad
575 3724 654 3786 hunc
683 3723 780 3785 locum
814 3724 963 3784 adnotatio
993 3706 1097 3784 cadem
1126 3724 1191 3784 iere
1219 3719 1254 3783 ac
1276 3722 1343 3783 Ser·

202 3826 267 3886 vius
288 3827 319 3886 16
343 3825 408 3888 cod.
435 3827 458 3888 G
484 3836 514 3888 et
535 3826 647 3888 scholia
670 3826 848 3895 Beruensia,
883 3825 935 3886 sed
969 3823 1076 3886 melius
1112 3832 1141 3885 et
1174 3826 1346 3885 accuratius
1419 3841 1423 3850 ’

202 3926 295 3990 relata
309 3927 464 4007 praebeat,
489 3947 524 3989 ex
547 3927 613 3990 lulii
629 3927 754 3989 Modesti
775 3928 964 4007 potissimum
980 3929 1075 4007 copiis
1093 3933 1262 4006 excerptam
1280 3945 1344 3988 esse

202 4031 367 4110 putaverim
391 4029 438 4112 (cl.
463 4029 697 4093 Graeieuhanius
720 4029 772 4090 llll
794 4025 836 4090 65
858 4029 924 4090 adu.
948 4027 1010 4106 38).

286 4130 383 4194 Minus
406 4141 487 4194 certa
512 4140 557 4194 est
579 4134 749 4195 coniectura
772 4133 906 4193 Modesti
931 4150 1040 4192 nomen
1069 4130 1161 4192 latere
1188 4132 1218 4190 16
1246 4128 1344 4192 lacero

204 4241 234 4296 et
268 4243 409 4314 corrupto
445 4235 558 4297 scholio
586 4235 752 4296 Veronensi
779 4235 815 4296 ad
843 4237 915 4296 rien.
945 4233 984 4294 lll
1013 4229 1089 4303 705,
1129 4251 1188 4312 quo
1211 4235 1347 4294 Milestos

205 4338 306 4397 nescio
341 4341 407 4416 quis
437 4341 608 4416 palmosum
631 4335 830 4399 Selinuntem·
847 4343 971 4416 propter
1006 4353 1098 4413 equos
1132 4336 1162 4395 ni
1189 4333 1275 4395 fallor
1298 4335 1345 4416 (cf.

206 4437 300 4516 Serv.)
332 4439 553 4519 Olympionicas
581 4438 723 4518 appellari
754 4438 861 4499 dicitur
889 4439 1037 4498 statuisse.
1090 4435 1177 4528 Hunc
1205 4437 1285 4497 enim
1311 4437 1344 4496 A.
