3276 5050
304 403 364 468 168
756 428 1000 471 rnonnoounun.

303 593 466 671 gravidas'.
512 593 606 673 Atque
628 595 748 655 omnino
772 603 915 672 quantum
939 615 974 656 ex
998 593 1099 675 paucis
1121 616 1193 657 sane
1215 597 1351 666 frustulis
1366 597 1447 658 oolli-

303 713 374 772 gere
396 695 480 765 lieet,
510 715 615 774 parum
641 697 685 757 vel
709 697 890 777 explicandis
914 698 958 758 vel
980 699 1174 759 restituendis
1197 691 1316 777 Vergilii
1340 701 1445 760 carmi·

303 797 391 876 nibus
413 797 564 876 proluisse
587 798 711 860 videtur.
763 800 837 861 Nam
860 820 897 872 ne
920 799 1001 861 filum
1024 801 1141 880 quidem
1165 803 1343 861 narrationis
1366 809 1448 862 recte

302 902 406 969 tenuit,
431 899 511 979 quod
525 902 596 961 den.
622 900 647 960 X
669 898 730 962 661
754 901 820 962 ‘ille
843 909 940 963 autem
962 903 1100 963 Aenean'
1123 901 1180 979 legi
1203 901 1344 982 voluit*),
1368 904 1447 964 unde

302 1009 449 1062 servatum
465 1002 581 1064 videtur
604 1003 682 1080 quod
704 1005 734 1064 in
758 1005 812 1064 PR
834 1012 914 1065 extat
935 1004 1093 1066 AENEAN.
1139 1003 1321 1084 Quamquam
1344 1006 1442 1066 inesse

303 1105 334 1163 in
364 1102 479 1182 vulgato
511 1111 594 1166 textu
622 1105 732 1184 aliquid
761 1104 916 1167 turbarum
945 1108 1039 1167 sensit
1061 1107 1207 1186 prolecto.
1297 1167 1300 1172 Α
1368 1118 1372 1128 “

387 1206 519 1268 Alterum
552 1207 699 1287 quendam
732 1207 830 1268 locum
865 1208 948 1288 (den.
972 1208 1024 1268 llll
1051 1205 1114 1269 548
1142 1209 1215 1289 su),
1249 1211 1298 1269 cui
1324 1191 1357 1269 'et
1388 1211 1446 1288 Ipsi

304 1309 533 1387 transponendis
555 1308 688 1370 versibus
711 1309 876 1371 remedium
899 1309 1030 1380 adhibui,
1056 1310 1137 1371 valde
1160 1311 1317 1372 artificiosa
1333 1313 1449 1371 ratione

302 1412 446 1480 tractavit,
463 1413 599 1481 maxime,
612 1413 642 1471 ni
658 1409 751 1480 fallor,
776 1419 808 1472 ut
823 1413 1023 1491 praesentium
1040 1419 1207 1491 temporum
1224 1417 1343 1474 ‘oneras
1361 1421 1449 1492 atque

267 1529 272 1541 ·
304 1511 413 1572 obicis'
437 1531 523 1573 usum
547 1513 777 1592 vindicaret**).
824 1515 885 1574 Nec
907 1494 1000 1592 magis
1022 1513 1188 1593 probabilia
1217 1533 1290 1594 quae
1319 1515 1356 1575 de
1378 1534 1448 1594 pro·

304 1614 474 1676 nuntiandis
501 1633 557 1693 per
584 1617 848 1693 interrogationem
879 1618 950 1676 den.
975 1616 1024 1676 Vll
1052 1612 1193 1695 556***)
1224 1625 1252 1676 et
1279 1617 1316 1676 de
1345 1616 1450 1676 distin·

304 1716 420 1794 guenda
452 1718 586 1778 oratione
618 1717 656 1776 lX
691 1713 793 1797 391†)
828 1717 929 1787 suasit,
965 1734 1143 1797 quamquam
1176 1717 1225 1778 hio
1262 1717 1328 1779 aliis
1360 1717 1450 1798 paulo

305 1818 482 1898 prudentior
504 1818 576 1880 Niso
599 1817 756 1879 verborum
780 1837 902 1879 suorum
926 1826 1039 1897 partem
1063 1819 1167 1880 saltem
1190 1821 1326 1880 restituit.

391 1919 521 1980 Subtiles
544 1920 686 1990 eiusdem,
711 1920 762 1980 sed
785 1929 884 1981 tamen
907 1939 967 1980 non
983 1939 1070 1982 verae
1093 1921 1129 1981 ad
1153 1920 1204 1982 llll
1220 1918 1283 1983 384
1306 1921 1342 1982 de
1366 1922 1451 1981 ‘atris

305 2019 506 2102 ignibus’††)
536 2028 566 2080 et
594 2021 629 2082 ad
653 2021 706 2083 llll
728 2019 793 2082 469
822 2022 858 2081 de
887 2021 1053 2100 agminibus
1076 2019 1359 2103 Eumenidumffl)
1384 2041 1450 2118 sen-

368 2275 404 2343 ·*)
424 2277 535 2350 Seruius
554 2277 622 2330 Aen.
634 2279 659 2326 X
672 2279 721 2329 661
741 2280 818 2327 ‘iilum
834 2285 918 2328 nutem
937 2281 989 2330 etc.
1010 2280 1051 2327 sic
1070 2279 1177 2340 melius,
1198 2293 1278 2342 quam
1297 2279 1369 2327 sicut
1386 2293 1451 2328 non-

306 2363 375 2413 nulli
394 2363 498 2412 volunt.
540 2363 668 2413 Urbanus
687 2377 805 2427 namque
824 2363 865 2411 sic
882 2361 965 2428 legit:
992 2364 1035 2412 itte
1058 2371 1139 2413 autem
1151 2364 1264 2412 ¹Aenean
1282 2363 1409 2412 absentem
1426 2365 1452 2412 in

304 2451 405 2513 proelio
421 2453 512 2513 poscit,
536 2452 566 2496 ut
591 2448 690 2498 ‘obvia
709 2476 739 2483 -
758 2449 853 2497 morti’
877 2447 910 2497 de
927 2448 1023 2497 nautis
1040 2447 1069 2496 in
1087 2449 1153 2498 navi
1172 2448 1292 2498 inventis
1310 2447 1452 2512 intellige.-

306 2551 378 2598 mus,
403 2533 473 2598 quod
495 2549 550 2584 non
572 2533 708 2598 procedit.
753 2548 815 2582 nam
838 2533 939 2582 absens
962 2531 1063 2582 dicitur
1082 2533 1128 2596 qui
1146 2533 1266 2598 recedit,
1291 2533 1362 2598 quod
1380 2547 1453 2582 nunc

307 2621 399 2669 Turno
420 2617 555 2683 congruit,
576 2633 631 2668 non
648 2617 768 2680 Aeneae,
789 2618 835 2682 qui
852 2617 969 2666 interest
987 2617 1127 2680 proeliis’.

362 2701 403 2768 ”)
422 2703 534 2753 Servius
552 2701 620 2752 Aen.
640 2702 698 2752 IIII
716 2703 766 2752 548
785 2701 927 2751 ‘Urbanus
950 2701 1004 2752 boc
1027 2701 1139 2765 dividit,
1163 2701 1231 2752 lieet
1254 2701 1304 2752 elii
1327 2703 1454 2767 iungant,

307 2794 335 2840 et
352 2787 413 2839 vult
430 2787 502 2837 hunc
527 2802 588 2836 esse
614 2801 736 2836 sensum:
764 2791 794 2836 tu
821 2785 985 2851 persuasisti
1006 2790 1037 2835 ut
1058 2786 1203 2850 nuberem,
1231 2787 1308 2837 victa
1329 2787 1453 2836 lacrimis

308 2874 388 2932 meis,
412 2877 443 2922 tu
467 2873 550 2922 etiam
574 2887 646 2922 nunc
669 2888 712 2921 me
730 2872 774 2920 his
797 2886 896 2920 oneras
915 2870 1003 2922 malis.
1044 2887 1108 2922 nam
1132 2887 1174 2922 me
1194 2871 1257 2922 olim
1276 2871 1450 2928 occidissem,

307 2958 361 3008 nisi
379 2963 406 3008 te
425 2957 552 3007 deserere
570 2957 772 3008 formidarem’.

346 3038 402 3108 m)
422 3041 533 3092 Servius
547 3044 616 3094 Aen.
628 3042 682 3092 VII
699 3042 749 3092 656
768 3040 907 3090 ‘Urbanus
927 3045 1020 3092 tamen
1038 3045 1125 3092 totum
1143 3035 1216 3091 hunc
1235 3041 1325 3091 locum
1344 3057 1393 3106 per
1410 3041 1454 3090 in-

308 3127 523 3192 terrogationem
541 3126 602 3177 vult
629 3128 732 3191 accipi:
760 3133 887 3175 terrorum
913 3133 938 3176 et
962 3126 1066 3185 fraudis
1092 3125 1190 3176 abunde
1217 3128 1273 3176 est?
1299 3133 1369 3176 stant
1397 3126 1456 3176 belli

308 3214 420 3263 consae?
443 3216 474 3260 ut
492 3211 571 3276 quasi
589 3227 638 3276 per
656 3211 871 3276 gratulationem
889 3226 944 3260 non
958 3210 1054 3260 credat
1066 3211 1138 3260 sicut
1149 3209 1219 3260 illud
1232 3210 1368 3261 Terentii:
1389 3211 1454 3274 quia

313 3299 375 3364 plus
395 3296 474 3362 cupio
483 3300 500 3359 ’‚
521 3297 626 3346 ‘minus
645 3297 742 3361 cupio’
762 3293 811 3359 (ol.
831 3295 940 3360 adelph.
959 3293 1059 3357 11115,
1078 3293 1132 3360 64).

376 3381 405 3448 †)
426 3381 538 3432 Servius
550 3381 617 3433 Aen.
632 3381 808 3431 IX391‘r'ter
825 3396 895 3430 omne
913 3383 1056 3437 revolverem
1073 3379 1201 3430 Urbanus
1214 3379 1354 3445 hucusque
1369 3383 1456 3432 verba

308 3469 371 3518 Nisi
389 3467 451 3517 vult
469 3481 544 3528 esse,
570 3465 619 3515 elii
645 3469 745 3532 poetae
770 3465 838 3515 dent
860 3481 949 3515 rursus
967 3491 1000 3505 -
1018 3467 1146 3514 revolvens
1170 3461 1285 3529 [saltaris
1306 3468 1399 3524 siloae;
1425 3471 1456 3516 ut

308 3553 392 3603 Nisus
411 3557 625 3616 ‘usquequaque
644 3551 881 3630 sequar’dixisse
900 3547 1064 3614 videatur]'.

361 3635 410 3706 ἢ)
431 3635 543 3686 Servius
555 3635 623 3685 Aen.
643 3635 699 3685 IIII
717 3637 767 3686 384
785 3641 901 3700 ‘sequar
919 3637 983 3686 atris·
1000 3636 1111 3700 ipnr'dus3
1132 3635 1182 3685 elii
1199 3635 1333 3684 furiarum
1346 3635 1456 3688 facibus

311 3721 406 3771 dicunt
422 3703 465 3756 ¹—
493 3719 543 3769 ulii
570 3721 704 3770 sociorum
732 3747 764 3755 -
791 3720 889 3771 melius
915 3724 1009 3786 temen
1033 3725 1076 3770 est
1098 3725 1129 3770 ut
1147 3719 1296 3770 secundum
1314 3720 1456 3771 Urbanum

299 3805 482 3870 ,accipiamus
500 3808 566 3854 atris
583 3805 681 3870 ipntdus
699 3804 855 3871 rogalibus,
880 3807 926 3869 qui
944 3807 998 3855 visi
1017 3808 1209 3870 tempestatem
1229 3803 1401 3869 significant,
1426 3811 1457 3855 ut
1525 3847 1529 3854 .

310 3891 432 3953 Aeneae,
452 3890 525 3938 sicut
541 3892 570 3939 ln
589 3892 683 3956 quinto
702 3887 745 3956 (7)
764 3889 890 3956 legimus,
910 3891 1035 3955 contigit.
1065 3889 1116 3939 hoc
1135 3903 1200 3954 ergo
1218 3903 1291 3938 nunc
1309 3883 1381 3952 quod
1398 3891 1457 3940 luc-

310 3979 368 4024 tum
387 3978 429 4024 est
447 3975 530 4038 dicit,
555 3975 573 4027 i.
593 3991 616 4028 e.
637 3975 760 4025 occidam
780 3990 822 4024 me
843 3979 871 4023 et
888 3974 1030 4039 rogalibus
1055 3977 1082 4023 te
1100 3988 1252 4039 persequar
1269 3973 1400 4023 flammis’
1420 3974 1456 4024 cf.

309 4060 383 4110 idem
403 4059 438 4109 ed
455 4061 479 4108 V
498 4061 521 4110 t.

341 4144 411 4208 †††)
432 4143 544 4195 Servius
562 4144 629 4194 Aen.
648 4144 772 4196 1111469
791 4142 983 4193 ‘Eumenidum
1002 4171 1033 4179 -
1052 4143 1128 4192 videt
1145 4139 1254 4208 aparine]
1274 4146 1322 4192 aut
1340 4143 1458 4208 impetus

313 4235 362 4280 aut
385 4230 532 4281 seeundum
550 4229 692 4280 Urbanum
717 4229 829 4294 agmine
853 4229 1031 4292 serpentium.
1075 4225 1133 4293 [aut
1156 4226 1304 4277 secundum
1328 4228 1459 4291 quosdam

312 4317 376 4380 qnia
393 4316 506 4365 habitus
525 4330 618 4365 earum
637 4317 665 4364 et
682 4313 766 4364 sibila
784 4312 967 4378 serpentium,
991 4313 1090 4378 quibus
1113 4313 1229 4362 crinitae
1248 4316 1312 4361 sunt
1329 4312 1458 4362 Eumeni-

312 4400 369 4460 des,
387 4400 490 4450 feoiem
509 4400 628 4464 agminis
646 4399 790 4463 praebent,
809 4396 854 4449 vel
873 4396 937 4461 quia
955 4395 1047 4462 plures
1065 4397 1156 4448 furiae
1174 4399 1315 4461 putentur,
1334 4396 1380 4446 vel
1393 4398 1458 4462 quia

312 4485 425 4536 furiosis
443 4500 492 4549 pro
510 4483 599 4533 tribus
617 4483 708 4548 plures
727 4479 893 4548 videnturl'.
