3230 5046
313 340 375 403 216
757 319 995 399 storacinam.

398 527 548 600 Quaedam
581 528 669 586 etiam
704 522 838 584 consulto
867 524 1024 584 mutavisse
1057 522 1171 583 videtur
1198 523 1383 592 Priscianus,
1421 532 1456 583 ut

313 629 402 710 paulo
424 628 599 691 iucundiora
622 627 700 688 lectu
724 626 855 686 efficeret
879 623 1012 704 exempla
1034 643 1095 696 sua,
1119 623 1198 686 velut

355 732 427 792 Aen.
479 732 502 790 V
524 726 587 792 510
614 731 667 806 qai
687 731 807 805 primas
834 745 901 789 cum
929 726 1124 804 sequentibus
1152 727 1305 788 coniunxit
1326 745 1382 807 pro
1404 727 1453 788 bis

611 848 682 892 aon
704 832 841 902 caluit,
866 847 941 907 qnae
963 828 998 889 ad
1020 846 1195 908 praegressa
1217 831 1389 908 respiciunt.

383 969 394 980 -
444 934 494 994 Vll
518 931 580 995 714
601 950 701 1009 prope
719 937 832 1008 flamen
853 931 1011 1006 Himellae,
1036 929 1088 990 ubi
1109 929 1235 1010 legimus
1257 938 1291 991 et
1309 931 1355 1006 sl.
1378 932 1418 992 H.

376 1053 421 1114 ge.
455 1019 494 1096 ΙΙ
515 1031 578 1097 483
605 1037 652 1095 sia
678 1035 735 1094 ltas
761 1042 891 1094 naturae
919 1049 979 1093 noa
1005 1034 1115 1109 possim
1144 1051 1199 1112 pro
1227 1035 1284 1094 sla
1312 1035 1381 1094 luas
1407 1051 1451 1094 ne

482 1185 483 1192 ,
592 1144 594 1148 ’
613 1138 947 1214 possimaatarae,
1029 1211 1030 1216 ἵ
1115 1197 1121 1203 ,

356 1241 427 1301 Aen.
451 1239 504 1299 ΙΙΙΙ
525 1233 588 1300 533
616 1241 714 1314 quatit
734 1239 849 1312 aapala
870 1254 962 1298 carsa
984 1255 1039 1316 pro
1061 1253 1176 1313 saper
1199 1255 1228 1298 a.
1247 1239 1372 1314 palca.

397 1341 529 1420 Efficitur
551 1340 598 1400 bis
621 1338 758 1400 omnibus
780 1357 835 1399 neo
857 1338 945 1398 fidem
960 1339 1104 1400 Prisciani
1126 1339 1157 1397 in
1172 1337 1324 1398 tradendis
1346 1340 1450 1399 carmi·

315 1443 404 1506 nibus
426 1441 602 1520 Vergilianis
624 1442 769 1502 sinceram
793 1459 847 1501 nec
869 1439 1041 1500 melioribus
1070 1457 1157 1517 quam
1179 1458 1236 1500 nos
1257 1439 1343 1506 libris
1365 1459 1451 1501 usum

316 1563 389 1614 esse,
408 1545 521 1604 etiamsi
536 1543 679 1623 quaedam
695 1544 782 1603 etiam
797 1543 827 1602 in
844 1541 1046 1603 describendis
1062 1541 1296 1603 institutionibus
1312 1541 1451 1622 librarios

315 1647 362 1708 rel
383 1647 552 1726 peccavisse
574 1643 758 1723 neglegentia
781 1643 828 1704 rel
850 1643 906 1704 sibi
920 1642 1089 1713 indulsisse,
1106 1643 1161 1704 alia
1178 1643 1345 1705 diortbotas
1359 1645 1451 1704 inter·

316 1746 753 1832 palavisseconcedamuszici.
799 1729 1086 1824 .g.ge.1111267
1119 1741 1346 1806 uenturae

401 1847 471 1910 Mala
486 1849 655 1908 coniectura
666 1849 803 1910 isidoras
815 1847 957 1926 deceptus
969 1847 1040 1906 Aen
1054 1847 1108 1907 ΙΙΙΙ
1119 1843 1161 1908 43
1170 1847 1244 1926 legit
1262 1849 1392 1910 Vaccaei
1402 1849 1452 1927 qui

315 1953 346 2014 in
362 1951 521 2030 Pyrenaeis
543 1948 723 2019 habitabant,
749 1969 816 2010 cum
840 1947 996 2026 avergilio
1009 1949 1143 2010 Barcaei
1160 1951 1263 2050 scripti
1278 1957 1333 2009 eta
1351 1949 1453 2010 Servio

316 2059 397 2115 recte
420 2051 561 2130 descripti
583 2059 691 2112 essent
738 2051 795 2112 Sed
819 2069 885 2111 curn
908 2053 937 2110 in
960 2031 1227 2130 pronuntiandae
1242 2059 1271 2112 et
1292 2070 1314 2110 v
1337 2050 1452 2112 litterae

315 2155 495 2244 permutari
507 2152 611 2214 solitae
640 2155 712 2223 sint,
746 2155 776 2213 in
812 2153 913 2213 codice
948 2152 1045 2230 aliquo
1078 2155 1213 2214 Vareoei
1240 2153 1351 2214 iactum
1380 2159 1450 2212 erat.

318 2257 410 2328 Quem
433 2254 642 2334 interpolatum
665 2255 755 2315 luisse
778 2256 865 2314 etiarn
888 2253 1054 2334 additum'
1047 2272 1076 2314 m
1100 2254 1206 2314 Isidori
1235 2252 1453 2334 exemplaribus

287 2365 430 2444 ¹oapaat
431 2375 461 2418 es
484 2355 634 2436 epitheton
658 2355 770 2435 prodit,
800 2373 858 2433 quo
885 2358 916 2418 in
938 2373 974 2434 εχ
997 2372 1115 2439 quoque
1138 2357 1298 2434 genuimtm
1317 2355 1423 2429 forent
1423 2373 1454 2414 es

317 2459 467 2540 expulsum
492 2466 543 2518 est.
589 2457 647 2518 Sed
670 2453 824 2526 confirmat
846 2457 948 2518 solutis
970 2457 1068 2518 verbis
1091 2455 1241 2536 explicans
1256 2457 1282 2517 ll
1297 2453 1360 2518 349
1376 2456 1452 2534 quod

316 2569 398 2622 recte
430 2561 549 2622 Servius
577 2560 792 2621 commendavit
819 2561 978 2620 audentem
1001 2567 1034 2619 nt
1062 2567 1106 2619 est
1133 2562 1162 2619 in
1190 2549 1322 2638 pectem
1352 2577 1452 2638 quam·

317 2679 403 2740 quam
426 2663 456 2721 in
478 2670 560 2722 textu
582 2661 687 2722 isidori
709 2681 724 2724 a
748 2660 877 2721 librariis
897 2660 1003 2724 ,eodem
1027 2662 1089 2721 lere
1112 2661 1200 2722 modo
1223 2668 1397 2740 corruptum
1420 2667 1453 2720 ut

265 2776 268 2781 ·
316 2765 347 2826 in
370 2765 478 2824 ceteris
500 2765 609 2823 nostris
632 2762 792 2823 codicibus
825 2762 889 2834 Ono
913 2761 1048 2842 exemplo
1072 2764 1142 2822 satis
1158 2781 1315 2824 monemur
1331 2781 1368 2823 ne
1384 2761 1452 2842 quid

317 2883 454 2944 umquam
476 2865 506 2924 in
529 2864 585 2924 hoc
607 2881 716 2942 genere
738 2865 795 2924 nisi
824 2863 934 2924 diserto
952 2865 1132 2925 ‘testimonio
1162 2864 1343 2926 confidamus
1367 2863 1453 2942 (velut

318 2965 355 3025 de
377 2967 448 3028 Aen.
473 2966 486 3025 Ι
510 2961 579 3026 165.
604 2961 664 3025 185
701 2965 739 3026 ΙΙΙ
763 2961 822 3042 76).
1263 3033 1272 3054 ἱ

402 3066 524 3128 Restant
557 3065 667 3127 scholia
698 3075 855 3146 poetarum
889 3069 975 3129 variis
1015 3068 1171 3130 doctorum
1209 3069 1455 3148 indoctorumque

319 3169 528 3246 magistrorum
552 3170 728 3230 commentis
750 3171 790 3230 ita
814 3172 1020 3241 contaminata,
1044 3179 1076 3230 ut
1098 3189 1153 3231 nec
1176 3178 1279 3232 auctor
1300 3188 1355 3231 nec
1378 3177 1456 3232 aetas

318 3268 502 3347 singularum
525 3269 841 3358 adnotationumsatis
863 3271 992 3332 discerni
1014 3275 1116 3352 possit.
1160 3271 1197 3333 Et
1211 3273 1370 3334 Horatiana
1394 3272 1456 3350 qui·

318 3371 402 3441 dem,
437 3389 512 3450 qnae
537 3373 666 3434 Acrona
687 3374 806 3434 nomine
835 3375 1102 3444 circumferuntur,
1134 3375 1169 3436 ab
1195 3375 1318 3436 Helenio
1342 3375 1456 3434 Acrone

319 3471 413 3533 aliena
438 3490 504 3532 esse
527 3491 593 3534 cum
617 3481 731 3535 constat
752 3477 830 3535 inter
851 3459 1015 3555 prudentes
1038 3483 1100 3538 tum
1124 3496 1160 3537 ex
1183 3475 1317 3538 codicum
1340 3474 1456 3538 saeculo

317 3574 368 3634 XV
397 3575 597 3652 antiquiorum
626 3575 744 3636 silentio
771 3594 868 3655 nuper
902 3576 1020 3656 collegit
1048 3578 1236 3640 Hermaunus
1264 3577 1379 3638 Usener
1412 3576 1457 3655 (de

321 3673 413 3735 scbol.
437 3674 625 3756 Horatianis).
671 3677 890 3739 commentator
912 3680 1002 3756 igitur
1024 3679 1072 3741 ille
1088 3680 1266 3742 Horatianus
1280 3680 1351 3740 Aen.
1368 3674 1455 3746 1481

318 3783 444 3837 testatur
474 3784 574 3838 extare
608 3781 744 3854 proruit,
781 3779 858 3859 quod
886 3797 974 3841 nemo
1003 3781 1152 3843 dubitaret
1179 3800 1280 3866 rerum
1310 3799 1375 3842 esse
1402 3781 1458 3842 nisi

321 3877 389 3938 libri
405 3879 498 3939 nostri
514 3897 617 3939 omnes
632 3879 777 3941 baberent
790 3885 922 3958 prolae'
927 3891 938 3943 t
954 3883 1090 3963 exemplo
1101 3879 1225 3944 ΧΙΙ686
1242 3882 1455 3944 confirmatum.

320 3981 481 4041 Praeterea
503 3979 557 4040 Xll
579 3977 641 4041 876
664 3980 735 4059 legit
757 3985 896 4045 dirarum
925 4003 980 4064 pro
1009 3988 1047 4045 al
1053 4003 1168 4060 aram,
1200 3987 1358 4064 ascriptum
1386 3983 1457 4044 illud

320 4080 357 4150 ab
385 4083 549 4160 interprete
572 4080 669 4161 aliquo
693 4102 726 4142 ex
750 4103 775 4144 v.
800 4082 870 4146 869.

404 4182 460 4242 lle
447 4189 559 4244 eriora
586 4183 617 4242 in
646 4183 849 4253 describendis
881 4187 1023 4266 exemplis
1058 4188 1107 4250 ubi
1139 4189 1288 4268 sequitur,
1318 4205 1384 4246 ctum
1413 4183 1461 4248 nis

319 4284 469 4360 congruit:

361 4409 404 4438 =
426 4385 517 4462 Mac,
542 4387 579 4450 cs.
604 4387 738 4449 Servius:
758 4393 793 4464 pit
814 4394 921 4470 proit
909 4393 1025 4452 taen.
1053 4388 1149 4454 1725
