3276 5050
640 409 884 456 rsouuuouuus.
1293 391 1334 457 89

189 581 288 644 tonius
309 589 413 644 noster
435 598 464 660 p.
486 577 529 642 59
544 580 578 642 n.
603 582 742 643 servavit:
766 582 853 642 ‘cum
876 582 1014 660 georgica
1030 579 1183 653 scriberet,
1208 581 1333 645 traditur

189 684 299 746 cotidie
327 683 484 746 meditatos
506 702 593 745 mane
625 682 770 762 plurimos
798 701 901 744 versus
933 682 1046 744 dictare
1078 683 1183 745 solitus
1213 705 1248 748 ec
1275 703 1335 762 per

190 791 284 849 totum
314 789 392 848 diem
420 788 617 848 retractando
639 787 682 846 ud
704 787 907 863 paucissimos
934 788 1088 862 redr'pere,
1118 804 1179 847 non
1207 786 1336 849 absurde
1423 839 1427 852 .

189 908 310 950 carmen
344 908 377 950 se
410 887 547 964 (informe
586 889 660 950 add.
694 889 744 964 B.)
784 905 868 949 more
910 905 996 948 ursae
1030 906 1136 966 parere
1168 887 1272 950 dicens
1305 897 1335 949 et

189 989 349 1053 lambendo
379 989 499 1051 demum
529 990 699 1068 ellingere’.
749 990 811 1051 Nec
845 987 1041 1051 dubitandum
1064 991 1137 1069 quin
1165 1009 1201 1050 ex
1230 990 1334 1052 eodem

188 1094 272 1154 tonte
305 1092 448 1154 duxerint
479 1110 556 1171 quae
589 1093 754 1154 arctissime
788 1107 856 1152 cum
892 1091 941 1152 bis
971 1092 1129 1152 coniuncta
1165 1092 1263 1153 stetim
1297 1091 1335 1152 de

188 1194 320 1258 Aeneide
352 1212 441 1273 prosa
475 1195 559 1274 prius
592 1195 727 1256 oratione
761 1193 888 1254 formata
918 1200 948 1254 et
981 1193 1179 1272 particulatim
1214 1211 1333 1274 compo·

190 1298 247 1358 sita
275 1295 456 1358 inseruntur.
507 1296 667 1375 Scripsisse
701 1296 791 1374 igitur
817 1294 850 1356 L.
881 1293 1001 1356 Varium
1038 1297 1076 1357 de
1102 1297 1334 1370 1191111111νί-

189 1401 302 1474 busque
339 1399 470 1472 Vereilr'r'
495 1399 741 1460 commentarium
772 1403 854 1458 recte
884 1404 1052 1458 statuerunt
1080 1396 1272 1476 Spaldingius
1299 1397 1335 1458 ad

190 1499 310 1572 Quintil.
341 1499 367 1560 ll
394 1497 430 1570 3,
461 1497 481 1562 8
525 1499 712 1561 Weiehcrtus
734 1497 772 1560 de
793 1499 826 1559 L.
851 1498 937 1558 Vario
961 1518 989 1578 p.
1015 1495 1056 1559 74
1099 1498 1265 1577 ,Wagnerus
1298 1499 1335 1559 ed

189 1601 302 1664 denv
325 1609 415 1671 extr„
439 1603 471 1662 in
494 1619 553 1678 quo
575 1609 695 1681 praeter
718 1600 773 1662 elia
796 1601 833 1660 de
855 1599 981 1680 singulis
1002 1601 1090 1662 emioi
1112 1599 1254 1680 operibus
1276 1621 1335 1680 quo

191 1711 326 1784 tempore
348 1704 426 1764 fecta
456 1711 486 1763 et
513 1703 591 1764 edita
621 1720 737 1783 quaque
759 1704 875 1764 ratione
899 1704 1062 1783 composita
1091 1711 1192 1764 essent
1219 1702 1337 1764 edocuit

188 1789 327 1868 lectores.
375 1805 572 1882 Ususqueeo
599 1801 728 1866 meirime
756 1804 872 1866 videtur
906 1805 956 1884 qni
983 1812 1092 1866 contre
1122 1807 1337 1867 obtrectatores

190 1907 299 1969 librum
332 1908 453 1986 scripsit
474 1907 622 1969 Asconius
645 1907 806 1968 Pedianus.
858 1906 945 1968 llunc
972 1907 1052 1967 enim
1078 1914 1229 1968 mortuum
1258 1925 1336 1968 anno

191 2029 219 2070 u.
243 2028 270 2069 c.
293 2005 370 2076 841,
399 2015 509 2072 natum.
524 2016 623 2069 autem
647 2025 712 2068 esse
735 2022 815 2069 anno
842 2007 961 2069 demum
985 2003 1046 2070 756
1075 2007 1121 2068 vel
1150 2008 1238 2088 paulo
1266 2015 1337 2069 ente

191 2110 352 2179 Christum,
376 2110 406 2171 b.
431 2127 455 2171 e.
480 2111 565 2172 annis
588 2110 691 2187 viginti
713 2110 777 2169 lere
798 2116 867 2189 post
888 2118 1016 2170 mortem
1039 2109 1159 2187 Vergilii
1181 2129 1249 2171 cunr
1272 2111 1336 2171 ido-

190 2214 256 2274 ucis
277 2213 468 2290 argumentis·
483 2210 654 2291 probaverit
674 2210 839 2282 Madvicus,
868 2219 1104 2272 consentaneum
1132 2217 1178 2272 est
1200 2230 1259 2272 non
1282 2231 1335 2290 po·

191 2315 284 2376 tuisse
307 2332 343 2374 ex
365 2315 459 2394 ipsius
481 2319 588 2392 poetae
611 2331 663 2374 ore
687 2313 838 2392 accepisse
866 2313 945 2390 quod
968 2330 1037 2374 eum
1059 2321 1195 2391 sumptos
1213 2313 1253 2388 ab
1276 2314 1335 2374 llo-

190 2435 274 2478 mero
305 2434 408 2480 versus
436 2421 628 2476 excusantem
656 2414 756 2476 dicere
785 2415 902 2476 solitum
929 2416 961 2475 in
994 2412 1070 2476 libro
1104 2414 1155 2476 illo
1189 2416 1334 2476 narravit:

191 2521 262 2580 ‘cur
285 2537 345 2580 non
367 2517 411 2578 illi
432 2533 552 2594 quoque
568 2516 670 2578 eadem
685 2518 764 2578 turta
780 2518 978 2597 temptarent?
1003 2535 1104 2578 verum
1117 2515 1335 2586 intellecturos,

190 2619 308 2698 lacilius
342 2638 409 2682 esse
437 2618 559 2680 Herculi
588 2618 698 2680 clavam
727 2637 815 2699 quam
843 2619 974 2680 Homero
1008 2636 1127 2680 versum
1161 2618 1337 2698 subripere’

192 2721 231 2800 (p.
254 2717 295 2784 66
317 2719 374 2798 lb).
418 2721 457 2782 Ut
478 2721 614 2800 suspicer
636 2728 737 2782 cetera
759 2740 876 2801 quoque
898 2721 929 2781 in
952 2720 1087 2782 Suetonii
1110 2721 1176 2791 vita,
1202 2737 1278 2798 quae
1300 2720 1337 2782 od

192 2823 270 2884 Verii
292 2823 498 2884 auctoritatem
520 2823 678 2884 reserenda
702 2840 768 2884 esse
790 2821 934 2892 dicebam,
958 2822 995 2884 eb
1017 2821 1068 2883 illo
1090 2821 1211 2900 quidem
1232 2821 1336 2883 hausta

192 2943 257 2986 esse
280 2943 316 2986 ex
338 2925 457 2986 Asconii
480 2923 565 2993 libro,
589 2925 639 3002 qui
663 2932 760 2985 tamen
783 2925 848 3004 ipse
870 2923 944 2984 haec
968 2941 1004 2984 ex
1019 2923 1099 2985 Varii
1122 2926 1336 2985 commentario

191 3009 377 3106 excerpsisse
399 3025 571 3086 statuendus
594 3032 649 3086 est.

276 3129 415 3190 Ceterum
450 3126 553 3207 plures
590 3125 714 3205 Vergilii
757 3129 862 3190 ‘amici
902 3127 1141 3206 lentiliaresque’
1184 3129 1337 3207 ingenium

192 3231 257 3292 eius
290 3236 320 3290 et
351 3247 451 3292 mores
485 3229 680 3309 descripsisse
712 3230 865 3300 seruntur,
903 3238 933 3291 et
964 3232 1102 3291 novimus
1135 3237 1255 3308 praeter
1283 3232 1336 3290 Va-

190 3333 275 3394 rium·
303 3349 396 3392 unum
428 3330 548 3400 saltem,
591 3333 622 3394 C.
655 3334 830 3406 Metiscum,
866 3332 1045 3394 Maecenatis
1077 3330 1218 3394 libertum
1253 3332 1336 3412 (Sue-

192 3440 253 3494 ton.
292 3432 329 3494 de
363 3431 403 3493 ill.
442 3451 486 3510 gr.
522 3430 591 3513 21),
630 3436 681 3511 qui
717 3441 836 3514 poetam
873 3441 1009 3494 nostrum
1047 3439 1096 3494 ‘et
1130 3435 1162 3494 in
1198 3451 1337 3495 sermone

191 3533 394 3596 tardissimum
417 3551 451 3595 ec
473 3553 568 3614 paene
591 3535 711 3598 indocto
733 3535 859 3598 similem
883 3537 974 3596 luisse
997 3535 1134 3598 tradidit'
1159 3534 1226 3615 (vita
1241 3556 1267 3615 p.
1284 3533 1335 3604 58,

189 3632 296 3714 5111,
326 3637 411 3698 cuius
438 3637 565 3698 fortasse
588 3637 625 3699 de
647 3637 753 3699 studiis
782 3653 901 3734 unoque
930 3638 1095 3700 medicinae
1118 3656 1152 3698 ac
1174 3637 1335 3698 mathema·

192 3739 268 3798 ticae
297 3745 327 3799 et
355 3738 392 3798 de
420 3757 510 3800 cause
538 3739 614 3819 apud
643 3740 758 3801 iudices
787 3759 848 3800 non
877 3738 1003 3818 amplius
1033 3739 1125 3800 semel
1154 3738 1232 3800 dicte
1260 3757 1336 3818 quae

192 3839 298 3902 eodem
320 3839 388 3902 loco
410 3849 629 3918 memorentur,
659 3859 695 3902 ex
725 3841 830 3902 eodem
852 3841 962 3902 Melissi
987 3839 1066 3902 libro
1094 3836 1233 3920 excerpta
1256 3847 1333 3902 sunt.

193 3941 278 4002 lnter
300 3949 551 4004 commentatores
573 3941 695 4020 Vergilii
716 3961 777 4004 non
798 3944 893 4020 magis
915 3944 1009 4004 ausim
1031 3943 1147 4003 referre
1169 3961 1255 4022 quam
1279 3943 1334 4004 Su·

191 4044 332 4121 ringarus
354 4063 382 4122 p.
407 4040 471 4106 234
493 4052 522 4106 et
544 4043 780 4106 Graelenhanius
795 4043 832 4103 lV
846 4041 902 4106 62:
927 4063 995 4106 nam
1018 4043 1096 4123 apud
1118 4043 1210 4105 schol.
1227 4045 1334 4105 Veron.

190 4145 263 4204 Aen.
287 4145 327 4204 lll
350 4141 412 4206 705
435 4145 877 4227 qui<01ympionieasmultos
905 4147 1014 4208 inisse’
1044 4145 1200 4208 adfirmare
1228 4145 1335 4207 dicitur

193 4249 330 4308 Milesios
353 4247 389 4307 ll.
413 4247 501 4308 lleilii
524 4247 643 4310 demum
659 4238 838 4310 ‘coniectura
861 4252 1001 4311 Melissus
1023 4249 1128 4317 evasit,
1158 4265 1335 4326 quamquam

105 4356 111 4361 '
193 4367 253 4409 uon
276 4349 392 4410 minore
414 4348 624 4430 probabilitate
639 4350 793 4412 Modestus
807 4349 873 4411 elici
896 4357 1009 4429 potest:
1033 4368 1090 4410 neo
1104 4351 1199 4412 Servii
1214 4349 1250 4410 111
1261 4351 1333 4411 den.

191 4450 229 4537 lV
254 4446 503 4538 1461111166
531 4451 699 4514 testimonia
729 4459 995 4516 commentatorem
1015 4451 1167 4514 Melissum
1195 4469 1332 4532 compro·
