3276 5050
332 371 395 434 112
667 365 674 376 “
783 359 1029 434 enonauosraua.

330 559 419 634 llium
445 567 475 620 et
499 559 596 620 omnis
624 557 716 618 humo
739 557 844 632 sumet
865 558 1019 638 Neptunia
1035 559 1123 620 Troia
1133 562 1152 618 ’.
1202 559 1335 638 Imperiti
1358 561 1408 636 qui
1430 577 1480 638 ge-

330 663 420 722 netivi
434 662 561 722 lormam
573 660 618 720 dii
632 657 705 720 Aen.
718 655 803 722 1636
816 668 989 739 usurpatam
1002 679 1070 722 cum
1087 677 1146 721 non
1165 661 1333 732 novissent„
1348 661 1481 740 intellegi

331 782 419 842 posse
431 762 512 824 huno
532 779 652 822 versum
671 769 861 840 negaverunt.
888 762 960 823 ltem
981 763 1183 840 graecissandi
1201 764 1231 823 in
1249 763 1347 823 verbis
1363 781 1480 843 quoque

330 865 460 926 studium
472 863 597 924 cavillati
609 871 690 924 sunt:
710 861 846 942 exempla
859 862 1027 924 Macrobius
1041 865 1064 922 V
1083 862 1130 933 17,
1147 860 1187 926 15
1202 883 1266 944 sqq.
1285 867 1480 926 coacervavit.

417 966 598 1045 lneptissimi
621 972 714 1035 erant,
739 967 789 1042 qui
813 963 858 1024 vel
881 964 954 1025 haec
977 968 1026 1026 ‘ot
1046 969 1153 1040 regino
1170 983 1278 1044 pyro.
1365 968 1480 1028 erecto’

333 1069 396 1144 (llll
418 1065 491 1147 504)
523 1067 567 1127 vel
589 1067 662 1126 haec
691 1069 862 1144 ‘cristaque
890 1070 961 1142 repe
980 1070 1073 1142 paleo
1102 1086 1198 1130 aureo
1220 1071 1334 1130 rubro'
1360 1065 1480 1148 (1x50)

332 1172 436 1232 vitiosa
461 1188 527 1230 esse
555 1177 680 1248 propter
704 1167 934 1251 exitussimiles
963 1169 1187 1231 contenderent.
1238 1156 1400 1230 Peritiores
1426 1169 1479 1239 illi,

332 1274 382 1350 qui
413 1277 537 1352 propter
566 1288 706 1330 numeros
736 1277 765 1330 et
793 1269 1030 1348 monosyllabum
1058 1289 1161 1332 versus
1191 1273 1303 1332 exitum
1333 1279 1366 1333 ut
1394 1276 1480 1351 ‘pro-

331 1373 446 1434 cumbit
472 1372 557 1433 humi
585 1371 658 1432 bos'
690 1371 722 1449 (V
743 1359 817 1448 >teu
847 1378 876 1432 et
904 1363 1184 1446 σπονδειάζοντας
1213 1391 1315 1436 versus
1345 1373 1406 1452 (Xll
1429 1369 1479 1450 83)

331 1473 483 1536 notabant.
528 1473 642 1534 Horum
666 1489 785 1552 quoque
808 1473 1033 1535 aMaerobioV
1057 1471 1097 1535 14
1118 1475 1231 1536 mentio
1254 1475 1329 1535 lacta
1353 1481 1407 1544 est,
1431 1475 1481 1554 qui

330 1578 506 1655 imperitea
534 1573 687 1636 nonnullis
714 1576 794 1636 inter
819 1577 892 1636 vitia
927 1577 1035 1638 relerri
1065 1583 1168 1638 monet
1196 1595 1271 1656 quos
1300 1577 1337 1636 ad
1360 1575 1482 1636 Homeri

332 1677 485 1757 exemplar
505 1678 656 1738 elfinxerit
677 1683 765 1756 poeta
787 1696 892 1739 versus
915 1665 1113 1759 ἀκεφάλους
1143 1667 1311 1758 λαγαρούς
1333 1664 1482 1755 ὑπερκα-

332 1769 565 1858 tantummode:
591 1777 784 1857 eiusdemque
806 1781 983 1854 auctoritate
1007 1783 1094 1842 etiam
1118 1777 1177 1860 §5
1200 1799 1251 1840 eos
1273 1779 1355 1841 locos
1379 1779 1479 1840 delen·

326 1881 387 1960 dit,
413 1880 464 1942 ubi
486 1899 593 1962 parum
616 1899 632 1942 a
655 1879 770 1958 vulgari
792 1895 930 1958 sermone
954 1882 1074 1944 dillerre
1101 1884 1162 1944 visa
1190 1883 1288 1943 luerat
1310 1883 1398 1942 dictio
1421 1883 1481 1942 Ma-

334 1985 428 2045 ronis.
474 1981 587 2044 Similia
611 1989 681 2044 sunt
703 2001 780 2062 quae
803 1982 923 2062 elegans
944 1985 1034 2046 iudex
1057 1985 1170 2046 Seneca
1193 1984 1270 2065 apud
1287 1983 1415 2045 Gellium
1429 1983 1482 2044 llll

334 2083 364 2156 2,
390 2082 430 2146 10
452 2093 570 2146 monet:
601 2084 771 2162 ‘Vergilius
794 2102 910 2165 quoque
934 2095 1118 2150 nosternon
1143 2107 1177 2148 ox
1201 2087 1257 2148 alia
1279 2105 1368 2148 eausa
1391 2087 1482 2148 duros
1513 2087 1515 2092 ’

332 2187 476 2268 quosdam
498 2204 601 2248 versus
624 2193 653 2246 et
676 2205 816 2248 enormes
839 2196 868 2248 et
891 2187 1000 2268 aliquid
1024 2207 1116 2269 supra
1139 2207 1307 2250 mensuram
1328 2188 1482 2250 trahentes

332 2291 523 2369 interposuit,
553 2283 642 2368 quam
664 2297 696 2349 ut
718 2289 869 2350 Ennianus
892 2290 1020 2370 populus
1044 2291 1241 2369 adgnosceret
1262 2293 1292 2350 in
1316 2309 1392 2351 novo
1416 2309 1481 2351 car·

254 2428 257 2433 -
332 2393 411 2452 mine
434 2389 545 2470 aliquid
567 2391 785 2470 antiquitatis.'

421 2494 585 2570 Aequiores
613 2511 684 2554 sane
712 2492 889 2554 adversariis
916 2493 981 2554 istis
1010 2500 1109 2564 erant,
1143 2497 1195 2574 qui
1226 2503 1260 2556 ut
1289 2495 1482 2558 emendarent

332 2596 394 2654 sive
417 2593 607 2656 distinctione
636 2597 697 2656 sive
726 2593 825 2656 verbis
853 2583 1001 2655 mutandis
1029 2603 1142 2657 textum
1173 2600 1361 2676 quaestiones
1383 2617 1482 2660 move-

332 2695 413 2756 bant.
458 2695 538 2756 Talis
567 2704 631 2757 erat
665 2697 715 2776 qui
745 2695 799 2758 eol.
823 2692 943 2766 11129,
974 2698 1043 2776 quia
1071 2716 1132 2758 non
1154 2708 1335 2778 congrueret
1364 2700 1482 2762 vitulam
1517 2769 1519 2772 ¹

333 2799 395 2858 iam
420 2799 535 2858 enixam
559 2815 640 2868 esse,
672 2798 784 2858 ‘bano’
809 2798 940 2877 intellegi
962 2798 1079 2860 volebat
1100 2802 1270 2873 iuvencam,
1301 2810 1362 2864 tum
1386 2810 1481 2863 autem

332 2901 449 2979 insequi
472 2900 666 2979 parenthesin
689 2899 826 2961 ‘vitulam
850 2919 887 2961 ne
911 2902 988 2962 sorte
1010 2909 1151 2964 recuses’
1181 2924 1207 2965 e.
1231 2924 1259 2983 q.
1284 2924 1326 2973 s.;
1358 2904 1404 2965 vel
1433 2906 1483 2980 qui

333 3003 406 3062 Aen.
429 2998 548 3062 111380
569 3009 638 3081 post
660 3003 766 3064 ‘scire'
790 3002 939 3072 distinxit;
963 3003 1009 3064 vel
1032 3007 1082 3082 qui
1105 3006 1159 3066 ecl.
1183 3006 1221 3066 lll
1236 3003 1277 3068 38
1297 3007 1389 3081 faciti
1409 3007 1481 3066 scri-

334 3102 444 3165 bebant
467 3103 519 3163 ‘ad
545 3103 727 3166 excludenda
750 3104 809 3166 duo
834 3106 992 3184 epitheta)

423 3205 465 3266 lle
488 3207 563 3284 ipsis
584 3213 691 3286 poetae
713 3206 812 3267 verbis
835 3208 1050 3270 constituendis
1073 3209 1235 3271 dubitatum
1260 3218 1290 3271 et
1318 3211 1483 3288 quaesitum

335 3326 401 3368 esse
424 3306 471 3367 bis
493 3306 569 3368 loeis
591 3305 725 3386 legimus
749 3327 824 3388 quos
846 3311 876 3370 in
900 3310 1088 3372 adnotatione
1110 3313 1211 3373 critica
1228 3313 1358 3374 enotavi:
1383 3309 1481 3372 1636.

335 3405 400 3470 703«
434 3409 484 3469 Vll
505 3405 568 3470 543
603 3405 725 3472 lel).

422 3510 582 3571 Furiosum
618 3520 726 3588 quanta
760 3513 845 3592 copia
878 3513 1005 3575 Perellio
1033 3515 1143 3576 Fausto
1176 3516 1222 3577 vel
1252 3517 1372 3578 Octavio
1400 3518 1483 3577 Avito

336 3630 499 3691 corumque
524 3611 721 3674 sectatoribus
743 3613 952 3694 perlustranda
975 3617 1065 3676 luerit
1087 3620 1269 3696 compositus
1286 3619 1386 3679 fratris
1401 3618 1482 3679 Wol-

335 3713 449 3774 demari
473 3731 563 3791 opera
585 3713 737 3774 homoeon
762 3715 903 3778 elenchus
925 3724 1086 3787 monstrat;
1110 3737 1167 3780 neo
1190 3719 1290 3780 dubito
1306 3721 1376 3796 quin
1393 3737 1481 3796 quem

334 3813 504 3876 Macrobius
519 3815 604 3899 libris
620 3815 857 3877 saturnaliorum
874 3820 977 3900 quinto
994 3826 1023 3880 et
1046 3827 1129 3880 sexto
1153 3821 1322 3900 compilavit
1344 3839 1482 3900 magnam
1585 3865 1589 3870 -

335 3923 451 3997 partem
474 3916 533 3977 illis
556 3936 591 3978 ox
614 3917 746 3980 lontibus
768 3919 924 3980 deductam
948 3923 1107 4000 acceperit.
1158 3923 1253 4002 Atque
1275 3941 1370 4003 pauca
1392 3943 1482 4004 quae·

336 4019 421 4088 dam,
452 4020 580 4080 maxime
601 4018 724 4080 Homeri
747 4020 881 4101 exempla
905 4023 1049 4083 Asconius
1072 4040 1196 4102 quoque
1217 4026 1248 4084 in
1277 4024 1354 4087 libro
1378 4032 1482 4088 contra

337 4119 554 4181 obtrectatores
566 4120 678 4200 Vergili
701 4123 813 4201 scripto
836 4125 1008 4184 tractavisse
1032 4123 1157 4196 videtur,
1182 4126 1217 4188 de
1241 4144 1299 4204 quo
1323 4128 1483 4190 Suetonius

337 4224 577 4284 commemoratis
599 4222 717 4284 Carvilii
740 4224 880 4295 Pictoris,
909 4225 1066 4297 Herennii‚
1090 4227 1210 4290 Perellii
1231 4229 1346 4301 Fausti,
1370 4231 1483 4293 Octavii

336 4325 411 4384 Aviti
444 4323 528 4386 libris
561 4326 635 4386 baec
665 4325 788 4387 tradidit
819 4347 848 4407 p.
877 4324 918 4388 66
941 4327 991 4389 R.:
1028 4332 1191 4392 ‘Asconius
1218 4331 1365 4412 Pedianus
1393 4332 1480 4402 libro,

337 4444 427 4506 quem
450 4435 552 4488 eontra
575 4427 791 4491 obtrectatores
808 4429 915 4508 Vergili
930 4433 1058 4512 scripsit,
1082 4452 1176 4513 pauca
1191 4434 1349 4494 admodum
1366 4434 1481 4496 oblecta
