3276 5050
302 369 371 434 „124
751 374 998 434 ononneounun.

391 560 485 620 Huius
506 561 598 638 igitur
621 559 718 620 studia
734 559 884 621 Cornutus
906 563 936 621 in
960 563 1154 640 praefatione,
1178 564 1209 622 ni
1225 561 1319 632 lallor,
1344 563 1452 624 decimi

306 663 591 723 commentariorum
620 661 766 723 Aeneidos
799 661 868 722 libri
896 661 1021 725 laudans
1050 663 1183 726 aemulos
1213 665 1335 744 Vergilii
1363 668 1451 726 etiam
1489 646 1492 654 ⁴

260 835 265 844 ,
305 766 386 825 inter
408 763 525 825 nobiles
548 765 627 825 viros
651 772 710 826 tam
733 763 888 843 praeclaro
918 765 1053 845 exemplo
1077 768 1200 828 excitari
1222 787 1311 847 quam
1334 769 1451 829 sincere

306 875 393 946 atque
417 885 453 926 ex
476 867 575 928 animo
598 867 707 929 dixerit
729 885 874 946 quaerere
889 887 949 928 uon
966 871 1079 930 attinet.
1112 868 1170 929 Sed
1187 869 1276 932 verba
1292 872 1356 932 eius
1372 870 1451 949 apud

305 968 469 1030 Charisium
492 987 521 1048 p.
548 966 609 1030 100
631 969 705 1030 haec
729 977 812 1030 sunt:
843 971 978 1050 ‘iamque
1007 970 1144 1050 exemplo
1175 977 1224 1032 tuo
1257 975 1345 1034 etiam
1368 974 1450 1052 prib-

304 1073 386 1151 cipes
410 1071 585 1147 civitatium,
619 1081 761 1151 opoeta,
796 1073 940 1152 incipient
968 1073 1074 1134 similia
1097 1074 1238 1153 fingere'
1282 1074 1450 1140 Probabilis

304 1181 401 1236 autem
426 1172 541 1234 videtur
556 1173 652 1234 labnii
668 1173 687 1234 l.
703 1173 723 1234 l.
747 1193 776 1254 p.
793 1175 843 1235 XV
866 1177 1046 1250 coniectura,
1072 1195 1131 1238 non
1155 1195 1294 1238 versuum
1316 1177 1452 1238 ordinem

309 1283 445 1338 secutum
469 1282 641 1356 perpetuos,
666 1295 739 1355 quos
762 1277 896 1347 dicimus,
922 1280 1150 1340 commentarios
1172 1279 1335 1342 Cornutum
1359 1281 1453 1359 scrip-

302 1380 392 1449 sisse,
427 1377 480 1440 sed
513 1380 701 1458 quaestiones
742 1379 873 1457 singulas
905 1399 960 1460 per
993 1379 1086 1442 libros
1125 1382 1233 1444 divisas
1268 1384 1449 1444 tractavisse.

305 1481 409 1558 ltaque
432 1480 546 1542 decimo
574 1483 605 1541 in
633 1481 710 1543 libro
740 1500 820 1568 cum
837 1483 982 1562 ‘hospitio
1005 1483 1096 1545 Didus
1126 1491 1283 1564 exceptum
1308 1503 1372 1545 esse
1395 1485 1450 1546 Ae·

305 1586 399 1644 nean'
425 1582 548 1664 (Charis.
574 1579 634 1643 102
656 1583 699 1662 Ρ.)
724 1586 904 1654 narraverit,
935 1603 989 1646 cnr
1011 1586 1090 1647 hunc
1113 1588 1299 1666 potissimum
1322 1587 1449 1648 Punico-

306 1703 372 1745 rum
396 1685 510 1745 auctori
533 1683 604 1745 Silio
628 1685 808 1747 dedicaverit
830 1705 918 1748 causa
941 1694 1035 1768 patet:
1066 1707 1100 1750 ae
1127 1689 1254 1750 fortasse
1283 1690 1314 1750 in
1344 1689 1449 1750 eodem

305 1805 371 1848 cum
402 1786 523 1848 Didonis
553 1785 682 1848 tabulam
709 1787 797 1865 longe
827 1787 1089 1851 celebratissimam
1118 1792 1165 1868 (cl.
1196 1791 1325 1852 Macrob.
1351 1793 1374 1850 V
1400 1788 1448 1861 17,

304 1886 325 1952 5
349 1888 404 1968 sq.)
426 1889 597 1950 accuratius
619 1897 866 1969 perscrutaretur,
891 1894 978 1952 etiam
1003 1893 1077 1953 haec
1093 1911 1175 1972 ‚quae
1197 1893 1366 1970 Macrobius
1389 1893 1449 1954 Sat.

212 1977 213 1981 ¹
306 1988 391 2051 v19
413 1992 561 2070 vituperat
594 1991 630 2052 de
664 1994 746 2052 crine
779 1993 975 2055 moribundae
1008 1997 1129 2074 reginae
1163 1995 1200 2056 ab
1227 1994 1305 2056 Iride
1334 1994 1450 2056 absciso

304 2092 384 2172 (Aen.
408 2093 462 2154 llll
485 2090 547 2154 700
569 2091 644 2174 sqq.)
668 2094 831 2156 adnotavit:
857 2095 954 2156 ‘unde
977 2097 1050 2158 haec
1072 2098 1205 2167 historia,
1230 2105 1264 2158 ut
1285 2098 1376 2158 crinis
1393 2118 1448 2160 ¹an·

302 2195 445 2256 serendus
467 2197 505 2257 sit
532 2195 737 2266 morientibus,
765 2198 936 2276 ignoratur:
976 2199 1027 2260 sed
1050 2199 1184 2262 adsuevit
1215 2201 1333 2279 poetico
1367 2219 1450 2261 moro

303 2297 402 2375 aliqua
424 2299 537 2377 fingere
560 2303 593 2358 nt
616 2297 653 2358 de
676 2316 767 2384 aureo
789 2306 890 2360 ramo’
916 2300 962 2379 (Vl
980 2299 1060 2380 141).
1093 2300 1205 2372 Quibus
1229 2320 1303 2382 quae
1325 2303 1450 2381 opponit

210 2388 213 2393 ¹
302 2399 480 2479 Macrobius,
505 2418 565 2462 non
588 2400 625 2462 de
646 2399 739 2462 nihilo
761 2400 892 2463 fabulam
914 2404 1011 2463 fictam
1036 2422 1111 2472 esse,
1136 2403 1187 2463 sed
1210 2403 1326 2482 pudere
1350 2404 1448 2481 ‘quod

302 2509 401 2582 tantus
423 2503 477 2572 vir,
502 2503 681 2564 Graecarum
706 2505 793 2564 etiam
817 2503 1007 2566 doctissimus
1029 2505 1205 2574 litterarum,
1229 2507 1375 2584 ignoravit
1389 2506 1447 2567 Eu-

303 2604 408 2682 ripidis
437 2603 649 2666 nobilissimam
666 2605 801 2666 ‘tabulam
825 2606 973 2666 Alcestin'
997 2625 1022 2667 e.
1047 2625 1074 2684 q.
1099 2627 1139 2677 s.,
1168 2607 1241 2669 haee
1269 2615 1302 2670 nt
1333 2608 1387 2669 alia
1412 2627 1448 2669 ex

303 2708 398 2768 Servii
421 2708 645 2777 commentario,
671 2725 760 2786 quem
782 2707 832 2769 ille
854 2709 1048 2787 integriorem
1065 2709 1144 2788 legit,
1168 2709 1273 2771 bansta
1289 2712 1448 2771 essecoui-
1558 2711 1563 2722 '
1632 2691 1633 2700 ἵ

303 2810 362 2869 cio:
388 2811 471 2870 cuius
494 2811 524 2869 in
548 2811 660 2870 nostris
683 2827 801 2889 qnoque
824 2810 958 2890 reliquiis
979 2817 1012 2871 et
1034 2811 1070 2873 ad
1093 2831 1118 2873 v.
1132 2809 1193 2874 703
1217 2795 1320 2874 eadem
1342 2813 1379 2873 de
1400 2812 1448 2874 Al·

238 2952 240 2956 ·
303 2913 375 2972 cesti
397 2911 545 2990 Euripidis
568 2912 677 2973 notitia
703 2919 733 2973 et
760 2912 795 2976 ad
818 2930 849 2973 v:
869 2909 933 2974 694
962 2915 1049 2974 etiam
1074 2914 1163 2976 verba
1185 2933 1311 2994 prorsus
1333 2915 1447 2975 Macro·

194 3076 200 3103 ,
302 3012 397 3074 bianis
420 3012 526 3074 similia
548 3013 696 3092 leguntur,
721 3035 796 3096 quae
819 3017 861 3078 sio
883 3015 992 3077 babeto
1015 3035 1051 3076 ex
1073 3017 1197 3078 adverso
1220 3015 1275 3077 sibi
1298 3018 1409 3096 posita:

460 3220 467 3234 .
492 3156 674 3229 Macrobius:
768 3181 771 3193 ’
1023 3169 1144 3230 Servius
1166 3167 1310 3230 Danielis:

300 3273 331 3330 in
361 3269 415 3330 hac
449 3271 527 3330 enim
556 3270 655 3332 sabula
684 3273 715 3333 in
743 3291 862 3334 scenam
888 3271 937 3356 alii
960 3271 1063 3332 dicunt
1085 3271 1259 3350 Euripidem
1282 3273 1393 3333 Oreum
1415 3272 1445 3332 in

307 3373 403 3433 Orcus
426 3372 576 3433 inducitur
598 3372 727 3451 gladium
743 3386 862 3453 gestans
888 3394 1009 3435 scenam
1030 3373 1180 3434 inducere
1196 3373 1327 3454 gladium
1350 3375 1447 3434 laren-

302 3493 362 3552 quo
392 3475 506 3535 crinem
535 3473 667 3536 abscidat
694 3475 859 3545 Alcestidis‚
889 3465 965 3546 tem,
1001 3493 1058 3555 quo
1086 3463 1200 3538 crinem
1228 3475 1369 3538 Alcestidi
1397 3477 1447 3537 ab·

301 3577 394 3636 etsie
416 3574 564 3652 loquitur:
587 3567 608 3657 ἡ
632 3566 662 3637 δ’
688 3559 751 3637 οὖν
774 3573 859 3658 γυνή
887 3577 1010 3640 scindat.
1041 3579 1212 3659 Euripidem
1233 3578 1290 3640 hon
1306 3599 1322 3651 a
1337 3579 1447 3640 Poenia

301 3695 331 3736 κ.
355 3695 382 3736 τ.
407 3677 435 3737 λ.
461 3677 497 3754 (v.
521 3675 656 3758 73-76)
888 3682 1011 3760 antiquo
1034 3682 1146 3759 tragico
1170 3689 1346 3743 mutuatum.

337 3767 338 3772 ἵ
931 3781 997 3861 (Ubi
1027 3785 1218 3845 Pbroenicbo
1246 3803 1302 3863 pro
1334 3785 1447 3844 Poenio

887 3885 1098 3963 corrigendum
1133 3904 1198 3947 esse
1229 3885 1301 3946 vidit
1330 3885 1447 3947 lahnius
1514 3939 1516 3946 Α

887 4007 962 4047 mus.
987 3987 1082 4049 Rben.
1104 3985 1143 4048 IX
1159 3983 1222 4048 558
1247 3994 1276 4046 et
1299 3987 1447 4067 persuasit

848 4089 850 4094 ’
888 4089 1021 4150 Naocliio
1045 4096 1119 4166 trag.
1144 4089 1247 4150 Graec.
1272 4089 1308 4150 lr.
1332 4086 1416 4168 558.)

387 4241 468 4312 Quae
492 4248 590 4302 autem
614 4241 792 4302 antecedunt
813 4242 891 4318 apud
908 4242 1043 4302 Servium
1072 4241 1180 4303 ‘trahit
1202 4240 1259 4302 boc
1280 4240 1316 4303 de
1338 4241 1447 4303 Alcesti

303 4343 467 4422 Euripidis,
499 4345 550 4423 qni
573 4343 685 4404 inducit
707 4344 888 4428 Mercurium
912 4344 939 4403 ei
961 4361 1076 4404 comam
1100 4351 1265 4413 secantem,
1296 4345 1365 4422 quia
1388 4345 1446 4404 lato

301 4444 418 4524 peribat
446 4446 544 4506 mariti
553 4449 572 4515 ⁹,
601 4446 660 4506 nisi
681 4447 922 4508 commentatoris
949 4444 1073 4507 arbitrio
1097 4446 1168 4510 Oroi
1193 4445 1259 4508 loco
1282 4446 1446 4507 Mercurius

1193 4545 1205 4579 0
