3172 5038
570 369 814 444 peucedanum.
1073 443 1077 448 ,
1202 381 1264 446 357

121 568 275 642 exhibent,
310 567 386 648 quod
415 569 447 626 in
477 575 556 627 tanta
586 567 786 647 prosequendi
815 567 944 646 perfidos
974 571 1164 630 testinatione
1193 589 1264 632 con·

119 673 253 731 iunctum
265 688 333 730 cum
347 669 392 730 his
405 668 557 747 ‘inpellite
568 672 684 729 remos‘
697 687 756 730 non
769 668 960 730 mediocriter
972 670 1093 731 arridet.
1175 673 1264 732 Prae·

118 780 176 833 stat
197 771 275 831 idem
305 791 372 832 cum
401 771 464 830 aliis
488 771 781 850 (Rottendorphianis
803 769 920 830 duobus
944 780 972 831 ει
994 773 1040 850 b2)
1071 774 1143 834 Aen.
1167 775 1179 833 l
1203 771 1265 834 725

118 873 241 952 probam
253 875 431 952 scripturam
448 877 490 941 it,
507 874 679 932 coniectura
691 874 721 932 iu
735 873 856 949 Mlty2c
872 879 1014 934 mutatam
1030 876 1060 934 iu
1073 879 1117 947 fit.
1183 875 1264 936 Bene

118 975 267 1054 adoptavit
289 974 413 1034 Medicei
442 981 471 1032 ει
493 973 653 1034 Beruensis
680 975 698 1033 d
730 982 933 1034 correcturam
963 978 1035 1036 Aen.
1059 975 1085 1036 X
1107 973 1169 1038 307
1199 994 1263 1052 pe-

118 1079 212 1150 dem,
237 1076 316 1152 quod
341 1078 473 1154 poeticae
496 1075 618 1135 dictioni
641 1076 738 1153 aptius
761 1093 848 1152 quam
871 1077 981 1152 pedes,
1005 1078 1090 1137 utin
1113 1077 1264 1155 plerisque

119 1177 320 1255 (MIPBybtc)
344 1175 466 1255 legitur:
491 1179 520 1237 in
545 1177 705 1255 archetypo
728 1177 825 1235 luerat
848 1163 1067 1238 Paudsuuvc.
1155 1180 1264 1239 Adtini-

118 1281 186 1339 tatis
209 1282 287 1339 inter
303 1279 507 1358 Mcnagianum
526 1281 656 1356 priorem
681 1285 709 1338 ει
724 1279 899 1338 Palatinum
916 1278 1098 1340 luculentum
1121 1281 1263 1341 indicium

118 1380 173 1440 lroc
206 1383 317 1440 notavi:
356 1383 426 1440 Aen.
453 1377 586 1441 1111732
619 1384 750 1440 laeuas
782 1387 916 1440 caetra
940 1381 1058 1458 Mityn,
1094 1384 1150 1443 nisi
1185 1383 1263 1461 quod

116 1491 199 1542 cetra
222 1484 305 1560 Myd.
361 1481 649 1542 LAEVXSOEPTRX
674 1483 716 1541 Pl
746 1485 853 1542 laeuas
876 1489 998 1557 sceptra
1021 1483 1135 1560 Menag.
1165 1503 1210 1562 pr.
1235 1493 1264 1544 et

118 1584 266 1662 Sprotiau.
312 1583 349 1642 Et
370 1583 425 1643 soli
449 1591 642 1643 servaverunt
663 1585 736 1643 den.
760 1578 1000 1662 x11893qu0u
1024 1601 1126 1644 verum
1150 1591 1195 1644 εει
1217 1604 1262 1662 ue,

117 1687 146 1745 in
167 1685 288 1763 Mprc
309 1703 366 1760 que
387 1684 530 1764 particula
555 1691 707 1744 mutatum.
758 1683 818 1743 Nec
848 1684 930 1760 quod
951 1703 1041 1746 manu
1064 1687 1164 1763 priore
1187 1687 1217 1746 in
1241 1689 1269 1747 P

118 1793 197 1846 extat
219 1789 429 1847 addensent
451 1789 521 1846 den.
546 1785 570 1845 X
593 1782 666 1853 432,
691 1785 836 1844 lirnratum
860 1783 933 1844 illud
949 1787 1093 1847 Prisciani
1117 1795 1146 1848 et
1169 1787 1263 1848 Servii

118 1889 304 1956 testimoniis,
328 1887 494 1948 oblitterari
516 1905 623 1966 passus
646 1895 691 1945 εει
713 1887 808 1946 lorma
831 1885 945 1963 vulgari
968 1889 1149 1962 addensent,
1175 1906 1262 1964 quam

119 1990 283 2067 Mpaayac
305 1989 455 2048 exhibent.
501 1987 684 2064 Videturque
708 1989 794 2048 etiam
819 1985 966 2048 diorthota
989 1987 1112 2048 Palatini
1134 1989 1205 2049 Aen.
1223 1990 1262 2050 Xl

117 2087 188 2160 255,
213 2090 264 2151 ubi
286 2107 341 2169 pro
363 2091 494 2168 genuino
517 2092 595 2150 aiot
603 2108 646 2150 aa
660 2093 763 2157 imas,
794 2095 826 2146 ut
848 2087 959 2149 habent
981 2091 1087 2167 Mphc,
1119 2092 1150 2150 in
1172 2093 1201 2150 P
1219 2093 1262 2151 sic

118 2267 209 2319 extat:
245 2192 472 2320 vtgtnvmvs
506 2259 584 2318 idem
617 2256 762 2318 inlaturus
795 2257 888 2317 luisse
911 2257 1058 2335 glossema
1081 2263 1262 2320 vastavimus

118 2359 195 2438 quod
220 2369 265 2422 est
287 2363 316 2421 in
333 2362 446 2438 Menag.
464 2380 521 2440 pr„
545 2359 623 2420 aliud
643 2362 857 2436 populandam
873 2368 1028 2439 receptum
1044 2361 1073 2419 in
1087 2360 1123 2418 R.
1202 2363 1261 2421 Bo-

116 2481 237 2524 maaam
260 2465 376 2540 attingit
403 2464 475 2522 Aen.
499 2461 561 2521 Vlll
586 2458 655 2530 132,
685 2461 901 2530 madidata,
933 2461 1011 2540 quod
1034 2459 1145 2522 habent
1167 2464 1259 2536 MPc,

116 2565 296 2624 correctoris
319 2563 362 2623 vel
385 2563 499 2622 librarii
522 2571 645 2650 stupore
669 2564 698 2622 in
714 2564 782 2640 Ityn
804 2569 948 2622 mutatum
971 2564 1002 2622 in
1026 2564 1129 2622 dedita
1145 2565 1263 2624 transiit

116 2683 189 2725 nora
213 2665 381 2743 corruptela
405 2667 435 2723 in
463 2666 571 2724 dedita.
627 2664 708 2724 ldem
737 2661 1102 2732 accidit.V11506,.ubi
1132 2666 1262 2726 obusto

117 2767 282 2844 amayae,
311 2766 455 2826 ABVSTV
477 2765 520 2842 R,
548 2768 656 2828 adacto
686 2765 799 2842 Menag.
832 2784 876 2842 pr.
905 2784 971 2825 cum
994 2765 1133 2825 llotteud.
1163 2769 1260 2831 tertio.

116 2868 264 2936 Leidensi,
289 2866 362 2926 aliis.
452 2868 576 2930 Versum
600 2869 671 2925 Aen.
697 2866 721 2926 X
745 2862 815 2935 872,
840 2885 896 2944 quo
919 2865 1007 2927 liberi
1029 2876 1099 2927 sunt
1122 2867 1259 2945 MPItyh,

117 2988 152 3028 eo
176 2968 279 3028 saltem
310 2969 388 3046 quod
416 2977 485 3046 post
507 2963 569 3028 875
596 2967 715 3026 demum
743 2966 868 3045 praebet
895 2970 1029 3046 spurium
1059 2987 1124 3028 esse
1151 2969 1263 3028 indicat

115 3071 307 3147 Menagianus
330 3072 419 3147 prior.
445 3069 495 3128 sed
520 3067 751 3146 interpolatione
767 3087 856 3146 quam
873 3071 953 3128 novit
969 3070 1090 3130 Servius
1106 3069 1260 3148 suppletus

116 3179 161 3231 est
176 3173 246 3246 alen.
272 3167 405 3230 711141.
495 3170 693 3229 Grammatico
716 3169 843 3230 debetur
858 3170 929 3230 Aen.
948 3169 997 3229 Vll
1012 3167 1072 3231 631
1097 3189 1152 3248 pro
1176 3173 1261 3231 Cra-

114 3269 290 3350 stumert]
316 3273 552 3344 Crustumerium,
577 3273 596 3331 i.
622 3288 646 3330 e.
670 3271 922 3331 Crustumerium:
946 3272 983 3330 cl.
998 3270 1127 3332 Servius.
1160 3270 1262 3330 Intulit

116 3380 330 3434 commentator
353 3375 423 3431 Aen.
449 3371 499 3431 Vll
521 3369 582 3432 341
606 3374 758 3446 medulla,
790 3390 848 3450 quo
873 3371 1029 3450 expulsum
1054 3371 1132 3448 quod
1155 3391 1259 3432 neces·

112 3475 225 3534 'sarium
249 3480 293 3532 est
315 3475 467 3534 venenis
490 3473 530 3551 (ut
554 3481 598 3533 est
620 3475 652 3532 iu
668 3475 847 3550 Mnayocp
871 3469 932 3532 347
949 3476 1038 3532 mittit
1061 3492 1115 3551 pro
1137 3475 1262 3534 subdit

116 3575 306 3654 (Mutyccp
330 3571 394 3636 390
415 3577 524 3635 suadet
547 3572 697 3654 (etenim
720 3572 869 3652 Mltybc);
900 3570 964 3634 400
986 3575 1161 3650 abicumque
1185 3576 1263 3653 (adt

115 3693 286 3752 quaeqae
308 3675 445 3753 Mllpbc:
469 3676 505 3734 cl.
531 3676 644 3752 Prisc).
732 3677 907 3736 Coniectura
930 3683 1013 3734 vetus
1029 3695 1045 3736 a
1062 3677 1163 3736 Servio
1180 3695 1259 3736 com·

116 3785 278 3838 memorata
302 3784 347 3836 est
370 3777 424 3836 ecl.
450 3777 498 3836 Vll
524 3774 562 3836 19
590 3778 738 3845 uolebant,
773 3777 825 3837 ubi
859 3778 964 3846 ceteri,
1000 3779 1150 3854 MPVpbc
1184 3777 1259 3845 dico,

50 3953 52 3956 Ι
115 3879 291 3938 volebant
319 3885 519 3938 servaverunt.
564 3877 626 3938 Alia
649 3879 782 3956 corrupti
805 3886 901 3938 textus
923 3879 1085 3956 specimina
1108 3879 1259 3939 adnotatio

116 3987 215 4038 nostra
233 3979 334 4039 critica
349 3978 561 4058 suppeditabit.
641 3978 734 4038 Etiam
751 3982 828 4038 atter
844 3981 1046 4054 Menaptanas
1060 3979 1184 4040 Palatini
1199 4001 1260 4042 ma·

115 4100 184 4140 num
208 4083 340 4158 priorem
363 4083 497 4159 sequitur
519 4083 590 4141 Aen.
617 4079 653 4138 Xl
676 4077 738 4140 698
760 4097 812 4140 ore
835 4083 919 4154 (ora
941 4079 1127 4159 Marianae).
1180 4081 1260 4142 ldem

114 4182 239 4262 praebet
261 4184 450 4262 ‘antiquam'
474 4182 576 4241 Servio
595 4190 669 4241 teste
692 4180 886 4241 ‘lectionem'
910 4183 998 4242 etiam
1021 4185 1051 4242 in
1074 4185 1109 4243 bc
1132 4190 1161 4242 et
1187 4183 1259 4243 alios

115 4284 259 4361 quosdam
283 4283 375 4343 libros
397 4283 517 4344 inlatam
540 4301 635 4344 naras
659 4283 721 4364 (pro
745 4301 865 4344 aurae
888 4282 1007 4362 Many)
1030 4285 1101 4344 Aen.
1126 4284 1164 4342 Xl
1187 4281 1257 4344 801.

114 4385 198 4455 Quod
229 4387 300 4444 Aen.
332 4384 384 4444 Xll
413 4381 453 4444 98
483 4384 572 4444 hahet
599 4385 752 4444 celebrare
780 4403 834 4462 pro
862 4388 1043 4446 lacerare
1073 4385 1256 4465 (Marsyae),
