3276 5050
608 425 851 470 euonneounue.
1261 401 1302 470 93

153 597 262 660 missas
295 595 331 659 ab
359 597 425 675 ipso
448 597 581 674 Augusto
603 595 743 675 reliquias
766 595 867 674 operis
894 592 985 654 divini
1008 600 1087 654 tanta
1115 593 1303 672 neglegentia

154 719 231 770 esse,
256 705 289 759 ut
305 697 446 760 schedula
466 697 562 775 aliqua
584 705 687 777 posset
707 697 753 759 vel
776 696 949 760 delitescere
966 695 1011 758 vel
1026 697 1132 766 amitti,
1156 703 1186 758 et
1199 698 1303 758 nescio

155 803 205 862 cui
228 799 321 862 multo
344 808 411 878 post
433 799 491 862 tale
514 793 654 879 ἕρμαιον
677 800 809 878 potuisse
832 798 996 876 obtingere.

238 903 340 984 Restat
361 903 459 980 igitur·
480 903 618 972 tertium,
647 907 681 962 ut
706 902 801 962 fatear
827 919 929 962 verum
957 899 1063 962 vidisse
1091 900 1122 960 in
1144 899 1243 961 Minoe
1270 919 1299 980 p.

158 1003 220 1068 173
243 1025 287 1086 sq.
315 1005 499 1084 Gruppium,
535 1005 585 1081 qui
614 1005 715 1064 statuit
743 1003 781 1066 ab
802 1001 1018 1082 interpolatore
1039 999 1302 1064 1515111155ὃῖ-

152 1103 216 1170 588
239 1105 405 1188 suppletam
429 1123 497 1168 esse
516 1105 663 1176 lacunam,
689 1123 776 1183 quam
793 1103 920 1182 consilio
936 1103 1080 1180 Vergilius
1094 1105 1214 1166 interim
1230 1105 1301 1166 dum

83 1195 86 1202 ¹
156 1211 306 1287 graviora·
328 1189 518 1286 persequitur
545 1208 719 1268 transmisit.
774 1208 816 1268 Ac
848 1212 918 1268 sunt
946 1223 1018 1266 sane
1045 1223 1120 1283 quae
1148 1224 1186 1266 ne
1214 1223 1304 1283 posse

157 1310 278 1390 quidem
302 1307 461 1388 Vergilium
485 1316 636 1370 auctorem
661 1326 764 1370 eorum
794 1309 885 1369 luisse
914 1291 1047 1370 doceant.
1098 1307 1172 1370 Nam
1200 1309 1225 1368 si
1254 1327 1301 1368 51-

156 1415 235 1474 renti
256 1431 311 1492 per
334 1429 432 1473 arcem
464 1411 552 1472 ‘dant
574 1411 702 1472 claram’
736 1411 789 1491 (sic
817 1395 897 1470 enim
925 1408 1025 1470 malim
1053 1408 1189 1470 scribere*
1214 1428 1301 1489 quam

157 1515 283 1593 ‘olara'l
307 1513 455 1574 ‘incendia
478 1511 593 1572 lucem'
629 1531 652 1573 v.
677 1508 756 1582 569,
792 1513 899 1574 mirum
929 1510 1062 1588 quod'v.
1085 1508 1149 1572 590
1175 1511 1302 1590 prodigii

126 1607 130 1614 ’
155 1619 249 1676 instar
273 1621 364 1694 ‘pura
387 1622 582 1694 pernoctem
607 1616 637 1674 iu
658 1613 724 1700 luoc
747 1613 916 1691 refulgens’
940 1615 1040 1674 Venus
1061 1614 1183 1692 ponitur
1207 1613 1300 1690 quod·

156 1736 215 1796 que
239 1735 263 1777 v.
288 1713 351 1778 605
372 1716 469 1778 nubes
490 1716 589 1777 umida
613 1717 692 1776 visus
713 1715 830 1777 Aeneae
853 1715 979 1792 caligare
1003 1714 1120 1774 dicitur.
1165 1715 1202 1776 Et
1224 1715 1300 1794 quod

158 1827 305 1882 monstrat
327 1817 389 1878 lilio
412 1817 510 1878 Venus
533 1817 581 1877 hio
604 1817 774 1896 Neptunum
798 1835 900 1877 muros
923 1815 1120 1886 evertentem,
1144 1815 1192 1876 bic
1214 1817 1301 1876 luno·

159 1937 226 1982 nem
248 1926 351 1999 portas
374 1926 525 1980 tenentem
549 1919 703 1998 sociosque
725 1938 742 1980 a
763 1918 888 1978 navibus
910 1925 1079 1987 vocantem,
1103 1937 1118 1978 a
1141 1925 1226 1995 tergo
1250 1917 1300 1980 dc·
1362 1993 1364 1999 k

157 2024 248 2100 nique
277 2041 407 2082 summas
436 2039 521 2082 arces
548 2020 729 2084 insidentem
751 2019 928 2090 Minervam,
962 2021 1042 2081 unde
1076 2020 1134 2080 nisi
1167 2019 1203 2080 ab
1235 2021 1301 2099 ipso

159 2123 289 2186 culmine
312 2124 422 2200 regiae,
447 2142 505 2202 quo
528 2141 553 2182 v.
569 2118 632 2184 458
656 2129 798 2192 evaserat,
821 2123 853 2181 in
875 2129 934 2180 tem
951 2121 1081 2183 diversas
1096 2128 1196 2200 partes
1212 2121 1301 2201 dispi-

158 2243 229 2286 cere
252 2225 388 2304 poterat?
418 2233 451 2284 ut
479 2223 516 2285 ab
544 2224 602 2284 hoc
629 2219 830 2302 15551632
857 2223 977 2284 demum
1005 2223 1063 2284 dici
1089 2223 1222 2284 videatur
1251 2224 1301 2284 de·

157 2327 312 2404 scendere.
345 2327 405 2388 Nec
420 2325 510 2386 verba
534 2325 616 2395 deae,
642 2324 750 2406 quibus
772 2325 896 2403 castigat
917 2326 978 2384 iras
1000 2343 1162 2403 caecosque
1185 2325 1303 2386 furores

157 2429 288 2498 Aeneae,
323 2427 392 2488 talia
420 2435 504 2497 sunt,
539 2434 660 2488 111-11511
689 2426 746 2488 alia
769 2444 863 2504 eaque
885 2427 998 2505 aptiora
1020 2425 1301 2506 possintsuppleri.

158 2531 231 2591 Nam
254 2536 421 2609 prostratae
443 2529 544 2607 regiae
566 2535 687 2608 aspectu
716 2535 833 2609 poterat
862 2528 974 2607 abripi,
1006 2535 1039 2588 ut
1068 2528 1105 2588 de
1134 2527 1304 2590 ulciscenda

158 2633 271 2711 patriae
294 2634 379 2693 ruina
403 2648 586 2709 suorumque
609 2631 698 2693 caede
721 2633 854 2710 cogitans
870 2631 932 2691 dira
948 2632 1155 2710 inprecaretur
1171 2633 1304 2708 quamvis

160 2734 336 2796 absentibus
359 2734 490 2794 Helenae
514 2741 542 2792 et
564 2733 662 2794 Paridi
685 2741 717 2792 ut
738 2733 885 2796 malorum
914 2731 1100 2802 auctoribus,
1129 2740 1303 2812 poteratque

163 2838 249 2898 etiam
274 2838 303 2896 in
327 2855 362 2896 eo
387 2818 451 2896 esse
474 2842 507 2895 ut
535 2816 570 2896 ad
600 2834 758 2895 sumendas
788 2853 901 2914 poenas
927 2841 1118 2914 properaret,
1148 2853 1214 2896 cum
1243 2837 1303 2896 visa

163 2947 259 2998 mater
283 2939 450 3000 contineret
472 2942 642 2998 currentem
666 2943 695 2996 et
717 2939 893 2998 resuscitate
914 2942 1071 3016 parentum
1095 2935 1206 3014 liliiqoe
1229 2954 1305 3013 quae

160 3040 219 3100 iom
244 3046 330 3100 antea
354 3035 464 3100 1562
488 3037 619 3100 subierat
647 3057 717 3099 eure
740 3037 864 3099 meliora
887 3039 923 3099 de
950 3040 1028 3099 veris
1049 3039 1154 3098 ruinae
1176 3040 1303 3099 auctori·

157 3139 214 3202 bus
237 3140 366 3202 doceret.
1391 3125 1396 3130 ⁸

244 3243 365 3304 Accedit
389 3242 477 3320 quod,
503 3243 619 3303 etiamsi
640 3241 755 3320 reliqua
779 3242 946 3320 Vergiliano
975 3242 1093 3303 dicendi
1116 3243 1219 3320 generi
1243 3259 1302 3302 non

162 3362 331 3424 repugnare
348 3344 504 3414 concedas,
528 3351 626 3404 tamen
644 3363 699 3404 nec
722 3344 901 3405 ‘sceleratas
917 3363 1035 3404 sumere
1050 3351 1173 3423 poenas’
1197 3361 1223 3403 v.
1239 3341 1302 3405 516

162 3465 219 3507 nec
239 3447 422 3526 isumpsisse
446 3448 590 3507 merentis
612 3449 742 3526 poenos'
772 3465 799 3506 v.
822 3442 893 3506 585.
908 3465 964 3505 nec
993 3446 1140 3506 ‘animum
1169 3445 1304 3525 explesse
1387 3467 1390 3472 ·

160 3548 277 3609 ultricis
300 3548 452 3610 llammae’
478 3567 503 3608 v.
519 3545 581 3610 581
605 3547 749 3609 dictiones
772 3566 828 3608 noc
850 3545 1030 3608 1511115519
1051 3566 1123 3624 quas
1138 3550 1305 3626 Wagnerus

161 3651 375 3712 demonstravit
400 3651 531 3728 ineptiae
558 3668 614 3710 nec
643 3652 763 3712 omnino
790 3650 1014 3712 meditationum
1044 3651 1114 3711 inde
1143 3669 1158 3710 a
1186 3669 1212 3710 v.
1240 3647 1303 3711 583

161 3753 294 3829 argutiae
319 3759 348 3812 et
371 3751 510 3830 ambages
532 3751 650 3830 placere
673 3759 808 3833 possunt.

243 3853 344 3932 ltaque
380 3852 479 3914 malim
512 3855 647 3932 prolecto
680 3855 711 3914 in
748 3862 830 3914 textu
853 3855 1004 3924 Aeneidis
1040 3871 1127 3932 quem
1161 3863 1303 3931 quantum

161 3955 232 4015 lieri
254 3962 371 4033 poterat
393 3973 514 4016 manum
537 3953 658 4032 Vergilii
680 3955 774 4035 qualis
797 3955 833 4016 ab
857 3958 957 4016 amicis
976 3963 1093 4034 reperta
1117 3967 1163 4015 est
1184 3973 1304 4034 reprae-

160 4062 282 4116 sentare
305 4056 400 4126 volui,
430 4075 478 4116 me
502 4058 620 4118 omissis
643 4059 693 4134 qui
722 4033 895 4119 auctoritate
925 4057 1056 4118 destituti
1079 4065 1149 4118 sunt
1171 4058 1304 4120 versibus

160 4153 331 4218 5117-588
355 4158 488 4219 lacunam
514 4159 652 4220 statuisse
675 4175 762 4235 quem
778 4159 914 4222 intulisse
930 4161 1063 4238 quamvis
1079 4160 1302 4238 circumscripta

157 4259 243 4319 uncis
266 4259 354 4319 alieni
376 4261 489 4338 ingenii
512 4267 688 4322 commenta.
767 4305 772 4310 .

156 4372 164 4382 ‘
244 4361 301 4422 Sed
325 4361 354 4420 id
379 4361 490 4434 dubito,
514 4381 586 4423 num
610 4361 789 4442 bibliopolae
811 4367 903 4452 gretia
927 4366 1043 4425 cottsscti
1065 4366 1123 4424 sint
1144 4363 1174 4424 111
1191 4379 1302 4426 versus,

158 4462 240 4539 Quae
264 4464 394 4544 suspicio
424 4482 603 4544 quamquam
634 4485 649 4530 a
671 4465 890 4548 probabilitate
917 4485 971 4548 per
999 4468 1045 4526 se'
1061 4483 1120 4528 non
1143 4465 1302 4540 ‘abhorret
