3212 5042
608 424 851 470 rxoxccoueue.
1281 404 1300 468 ‘l

236 597 296 660 Nee
308 600 424 658 tirmius
437 597 507 658 huie
517 600 610 660 Varus
619 599 761 680 adversus
769 609 979 662 veteranorum
991 597 1140 660 licentiam
1152 595 1300 675 praestitit

151 703 308 771 auxilium,
332 702 512 781 quibuscum
528 703 625 762 [tenuo
641 703 683 763 illi
705 703 742 763 de
759 702 867 764 linibus
887 701 1080 782 praediorum
1101 699 1139 762 lis
1154 699 1300 762 acerrima

151 813 253 867 exorta
266 813 320 865 est.
346 805 387 865 be
402 825 459 884 qua
475 814 573 866 tamen
591 825 652 866 non
670 807 741 866 satis
754 822 886 884 congrua
897 807 929 864 in
941 803 1062 866 scholiis
1074 803 1185 864 nostris
1196 799 1299 878 legim-

151 916 207 968 tur.
239 909 313 969 Nam
329 907 379 968 alii
394 909 426 968 in
442 908 590 969 Servianis
605 917 635 970 et
649 911 680 969 in
693 909 798 970 bonati
814 907 851 968 ad
866 905 964 968 bucol.
981 904 1210 986 prolegomenis
1226 905 1298 964 item

151 1009 186 1069 ed
209 1009 262 1070 ecl.
287 1010 327 1071 tlt
351 1007 393 1072 94
416 1018 445 1071 et
467 1010 506 1072 tx
531 1009 546 1070 1
571 1011 608 1072 ab
623 1012 716 1072 Arrio
739 1011 914 1072 centurione
936 1016 1059 1070 narrant
1082 1022 1187 1084 agrum
1209 1023 1297 1068 occu·

150 1109 249 1191 patum
271 1115 380 1182 luisse,
413 1131 502 1191 quem
524 1132 591 1174 curn
614 1112 709 1174 Roma
731 1130 870 1174 reversus
897 1117 987 1191 poeta
1009 1109 1128 1172 restitui
1148 1107 1207 1184 sibi
1236 1108 1297 1170 ius-

151 1215 246 1286 sisset,
269 1234 366 1294 paene
389 1215 426 1276 ab
448 1215 500 1276 illo
522 1217 715 1276 interemtum
730 1216 834 1285 luisse,
857 1215 915 1275 nisi
929 1232 961 1274 se
976 1213 1008 1272 iu
1019 1212 1160 1273 Mincium
1175 1210 1297 1280 fluvium

149 1320 381 1396 praecipitasset.
433 1318 491 1378 Sed
520 1318 594 1379 haec
622 1337 710 1397 quam
739 1335 846 1397 parum
869 1321 1007 1378 accurate
1030 1320 1149 1374 narrata
1177 1313 1238 1374 sint
1260 1331 1297 1372 ex

149 1423 188 1481 eis
211 1439 289 1498 quae
312 1439 404 1499 supra
427 1423 566 1500 exposui,
597 1422 726 1492 maxime
755 1438 791 1479 ex
820 1418 955 1498 eelogal
984 1416 1094 1484 elucet,
1125 1432 1202 1493 quae
1230 1413 1298 1476 talis

151 1523 350 1584 dimicationis
383 1525 565 1582 mentionem
604 1521 716 1583 nullam
753 1520 882 1582 exbibet.
927 1519 1027 1581 Militis
1059 1524 1158 1583 autem
1186 1533 1297 1578 nomen

147 1624 222 1685 aliud
246 1625 340 1686 tradit
356 1623 473 1686 Probus
495 1644 524 1704 p.
548 1623 576 1694 6,
600 1622 620 1684 3
643 1623 677 1684 li.
703 1625 888 1703 ‘promeruit
904 1669 910 1682 .
929 1667 936 1681 .
954 1667 961 1681 .
980 1630 1011 1682 ut
1027 1625 1115 1699 agros
1130 1637 1200 1680 suos
1215 1619 1293 1679 reci·

145 1733 237 1806 peret,
264 1734 294 1796 et
316 1745 351 1786 eo
374 1727 451 1787 lacto
475 1728 673 1788 concitaverat
693 1728 724 1787 in
747 1745 779 1786 se
801 1733 958 1787 veteranos
981 1723 1065 1792 adeo,
1088 1731 1121 1783 ut
1142 1722 1309 1790 aMr'lieno

146 1830 266 1890 Torone
288 1827 466 1908 prImipilari
487 1848 583 1908 paene
606 1830 644 1889 sit
665 1829 856 1899 interfectus,
886 1829 944 1890 nisi
965 1830 1105 1908 fugisset,
1137 1833 1170 1888 ut
1192 1832 1293 1884 coute-

145 1938 239 1992 statur
260 1933 338 2009 ipse,
373 1950 441 1992 curn
475 1933 527 1992 ait:
562 1931 640 2010 quod
675 1932 732 1991 nisi
754 1933 819 1991 me'
844 1951 869 1991 e.
895 1949 923 2010 q.
947 1951 970 1990 s.
997 1930 1061 2010 (ecl.
1085 1930 1125 1990 tx
1149 1926 1294 2010 14-16).

144 2034 204 2094 Nec
227 2042 363 2113 pugnant
386 2052 454 2094 oum
477 2032 524 2094 bis
546 2051 622 2112 quae
644 2034 675 2092 in
698 2031 820 2094 scholiis
843 2034 993 2094 Servianis
1016 2017 1053 2094 ad
1076 2031 1130 2094 ecl.
1146 2032 1184 2094 tx
1210 2030 1226 2092 1
1249 2031 1292 2093 le·

143 2143 254 2214 guntur
283 2137 374 2196 ‘sane
402 2135 451 2196 alii
474 2135 611 2196 ordinem
633 2135 721 2196 huius
745 2134 865 2214 eclogae
887 2137 927 2196 ita
950 2142 1116 2216 exponunt:
1146 2153 1214 2196 euru
1236 2136 1292 2196 im·

143 2239 319 2298 munitatem
341 2251 481 2316 agrorum
504 2233 859 2316 Vergilius‘inpetrasset,
883 2236 920 2298 lis
944 2246 989 2298 est
1012 2243 1117 2298 exorta
1132 2235 1169 2297 de
1184 2235 1292 2298 smibus

141 2343 219 2401 inter
243 2359 313 2400 eum
337 2348 366 2400 et
388 2335 454 2408 eos,
485 2341 536 2416 qui
562 2340 594 2398 in
624 2340 760 2418 proximo
783 2356 871 2416 agros
894 2347 1087 2420 acceperant,
1124 2337 1291 2418 exquibus

142 2445 265 2504 Clodius
287 2441 408 2520 quidam
436 2441 523 2511 dixit,
559 2460 592 2501 se
620 2460 740 2502 omnem
769 2440 852 2502 litem
881 2449 1103 2520 amputaturum
1131 2441 1289 2503 interiecto

142 2542 282 2620 Vergilio,
308 2561 397 2620 quem
412 2552 499 2622 poeta
516 2545 619 2604 stricto
642 2542 787 2620 gladiose
809 2545 1018 2621 insequentem
1040 2545 1115 2623 fugit
1136 2545 1168 2604 in
1189 2544 1289 2607 taber·

141 2665 208 2706 nam
232 2645 441 2707 carbonariam
465 2654 494 2706 et
516 2644 661 2706 beneficio
683 2646 827 2706 institoris
850 2664 886 2704 ex
909 2644 965 2705 alia
980 2653 1066 2724 purte
1082 2648 1211 2710 emissus
1226 2667 1289 2709 ser·

142 2755 223 2808 vatus
247 2751 321 2807 est’
376 2748 457 2819 Quae
491 2749 533 2808 sic
552 2749 645 2807 inter
679 2765 711 2806 se
744 2745 880 2815 concilio,
917 2755 949 2808 ut
983 2749 1136 2826 sexaginta
1168 2747 1289 2812 illorum

140 2841 368 2919 veteranorum,
399 2851 450 2926 qui
472 2849 586 2910 Octavii
607 2847 708 2908 'Musae
737 2850 912 2909 auctoritate
940 2867 1017 2911 anno
1041 2847 1103 2912 713
1125 2851 1289 2930 Vergilium

140 2971 210 3031 agro
227 2950 413 3030 expulerant,
438 2951 645 3012 centurionem
660 2950 780 3012 Arrium
795 2951 887 3012 fuisse
910 2951 1055 3012 coniciam
1078 2955 1118 3028 (et
1140 2954 1288 3031 quadrant

140 3055 197 3115 buc
220 3053 363 3114 Serviane
392 3053 428 3113 ad
456 3052 510 3114 ecl.
533 3049 624 3112 148:
655 3057 742 3114 ‘nam
771 3073 787 3114 a
815 3060 916 3114 moute
943 3071 1039 3132 usque
1067 3055 1104 3116 ad
1132 3053 1229 3118 lacum
1259 3065 1289 3118 et

139 3157 207 3216 inde
229 3173 326 3233 usque
349 3155 386 3214 ad
409 3154 547 3216 arborem
570 3155 839 3233 quandam'iuerat
852 3157 938 3218 Arrio
961 3156 1069 3218 donata
1090 3157 1284 3238 possessio');

141 3257 263 3320 alteram
281 3253 283 3256 ’
298 3276 368 3317 vero
396 3259 599 3336 inruptionem
628 3258 734 3318 lacum
765 3277 831 3319 esse
859 3257 1017 3319 ahlilieno
1041 3258 1160 3320 Torone
1182 3262 1285 3339 primi·

139 3360 224 3439 pilari
247 3378 315 3420 cum
338 3357 491 3429 militibus,
516 3377 552 3418 ex
575 3359 699 3436 quibus,
716 3378 784 3420 cum
806 3359 842 3421 ad
864 3360 959 3436 iurgia
982 3379 1032 3422 res
1054 3362 1193 3432 venisset,
1218 3362 1284 3426 tto-

139 3461 203 3522 dius
225 3460 276 3521 ille
298 3461 436 3523 immanis
458 3459 534 3520 latro
564 3462 677 3530 extitit,
708 3463 792 3522 euius
816 3461 966 3532 violentia,
996 3470 1030 3523 ut
1051 3463 1158 3525 Donati
1180 3483 1209 3544 p.
1232 3462 1284 3536 59,

140 3561 213 3622 lh.
238 3561 339 3624 verbis
362 3564 443 3630 utar,
473 3564 521 3622 ‘in
545 3561 738 3624 altercatione
764 3563 824 3625 litis
845 3562 968 3644 paulum
991 3563 1085 3625 abluit
1112 3566 1184 3645 quin
1207 3569 1284 3629 occi-

139 3664 287 3730 deretur'.
301 3677 382 3724 vates
404 3673 515 3726 noster.

221 3766 336 3828 lterum
357 3768 448 3845 igitur
470 3766 518 3828 hic
542 3767 681 3846 expulsus
703 3769 873 3848 perfugium
896 3787 964 3830 cum
994 3770 1069 3839 suis,
1100 3771 1187 3831 etiam
1217 3791 1284 3834 cum

138 3878 230 3948 ptatre,
254 3869 366 3928 invenit
387 3870 418 3930 in
435 3869 540 3938 villula,
565 3889 640 3949 quae
662 3871 798 3949 magistri
819 3871 889 3932 olim
903 3873 934 3932 in
949 3871 1137 3950 philosophia
1154 3871 1284 3952 (Servius

137 3971 178 4032 ad'
195 3971 249 4044 eci.
275 3971 312 4032 Vl
334 3968 354 4031 6
376 3970 468 4030 schol.
486 3973 595 4032 Veron.
619 3972 655 4032 od
675 3970 734 4033 ecl.
751 3971 787 4032 Vl
803 3968 843 4050 9),
868 3973 991 4052 Syrouis
1012 3973 1119 4045 suerat,
1144 3994 1203 4037 nun
1224 3979 1283 4040 iam

137 4081 201 4134 erat
226 4071 323 4149 (catal.
347 4072 373 4132 X
398 4069 441 4151 1):
475 4073 505 4134 id
528 4073 689 4153 hospitium
718 4084 893 4153 argumento
923 4094 988 4137 esse
1015 4080 1284 4153 epiprammotr'
1345 4091 1348 4098 ’

135 4175 213 4254 quod
243 4177 274 4236 in
305 4173 455 4235 catalectis
488 4174 597 4252 legitur
630 4178 773 4238 decimo
808 4177 939 4256 Scaliger
972 4181 1095 4240 monuit.
1146 4180 1207 4240 Nec
1236 4183 1280 4242 in·

135 4275 297 4356 probabilis
320 4277 451 4336 virorum
476 4277 636 4340 doctorum
658 4281 829 4342 coniectura
858 4287 918 4350 est,
947 4280 1058 4342 ibidem
1088 4289 1185 4346 natam
1215 4303 1280 4344 esse

133 4365 306 4454 celorum
338 4395 601 4464 ,uocum,‚quae
635 4380 762 4442 dubitari
795 4401 855 4446 non
888 4391 986 4463 potest
1020 4385 1089 4464 quin
1123 4384 1279 4446 eonsilium

133 4483 264 4544 auctoris
292 4481 384 4542 luerit
413 4488 443 4558 ut
471 4481 507 4542 ab
535 4484 601 4561 ipso
624 4483 783 4546 Octaviano
811 4484 970 4563 legeretur.
1022 4485 1065 4547 lta
1093 4493 1192 4548 autem
1222 4489 1278 4550 vim
