3172 5038
770 385 1016 430 PROLEGOIOENA.

412 559 551 619 convenit
571 555 720 618 Anchisen
743 555 861 634 penitus
883 551 1017 614 convalle
1040 552 1146 612 virenti
1175 541 1180 554 ’

412 660 624 736 cognoscitque
647 675 729 718 suam
752 654 868 734 prolem
890 661 1073 716 monstrante
1095 660 1230 732 parente.

411 761 486 822 haec
507 759 558 820 ubi
581 759 730 838 percepit,
755 756 889 835 graditur
911 755 1094 834 classemque
1116 755 1226 815 revisit.
1439 751 1478 814 10

865 941 924 1004 VII.

301 1099 303 1104 ¹
411 1116 465 1175 Hic
488 1130 606 1193 quoque
629 1113 758 1174 Caietam
781 1110 901 1190 sepelit,
925 1117 988 1170 tum
1011 1109 1117 1169 deinde
1139 1110 1295 1189 profectus

412 1217 593 1276 Laurentum
616 1215 707 1280 venit;
733 1213 809 1272 hanc
832 1211 930 1271 verbis
953 1213 1106 1288 cognoscit
1126 1211 1182 1272 Iuli

412 1299 531 1377 letalem
553 1321 679 1374 terram:
703 1315 833 1374 ‘mensis
856 1331 894 1373 en
916 1313 1083 1372 vescimur'
1105 1313 1210 1390 inquit.

412 1424 532 1478 centum
555 1421 689 1474 oratores
711 1432 815 1494 pacem
836 1415 1011 1490 veniamque
1033 1420 1169 1493 petentes

412 1518 448 1578 ad
471 1535 574 1594 regem
597 1517 687 1576 mittit
707 1514 783 1575 Latii
807 1520 868 1574 tum
890 1516 968 1576 forte
990 1514 1143 1584 Latinum,

413 1620 464 1697 qui
487 1635 651 1696 cumpace
673 1618 764 1677 etiam
786 1622 872 1676 natae
896 1615 1022 1676 conubia
1044 1622 1159 1695 pactus.

412 1720 486 1780 haec
508 1719 585 1780 furia
607 1717 720 1777 Allecto
742 1717 864 1777 lunonis
886 1718 1009 1796 dissipat
1030 1717 1088 1776 ira:

412 1827 596 1880 concurrunt
619 1817 718 1887 dictis,
743 1820 876 1896 quamvis
898 1820 945 1896 pia
968 1819 1026 1878 lata
1048 1824 1225 1895 repugnent.

413 1919 483 1980 belli
506 1937 593 1979 causa
617 1919 672 1980 luit
695 1918 820 1978 violatus
842 1919 965 1979 vulnere
987 1936 1101 1978 cervus.

414 2028 475 2080 tum
499 2028 603 2098 gentes
626 2021 724 2081 sociae
746 2038 828 2080 arma
850 2026 972 2098 parant,
997 2019 1097 2079 lremit
1118 2037 1199 2080 arma
1222 2020 1368 2078 iuventus.
1440 2016 1477 2079 10

862 2204 937 2265 VIII.

412 2377 468 2437 Dat
490 2374 562 2436 belli
584 2376 701 2452 signum
724 2374 867 2434 Laurenti
888 2373 1009 2434 Turnus
1030 2372 1067 2434 ab
1090 2392 1173 2444 arce,

302 2549 305 2556 Ι
412 2479 539 2537 mittitur
563 2484 593 2536 et
615 2477 715 2552 magni
737 2473 865 2535 Venulus
887 2474 1037 2535 Diomedis
1060 2474 1096 2534 ad
1117 2473 1239 2544 urbem,

413 2580 465 2655 qui
486 2583 568 2655 petat
589 2575 729 2636 auxilium
752 2583 782 2635 et
804 2576 909 2636 doceat
931 2592 1007 2652 quae
1029 2593 1116 2636 causa
1139 2576 1268 2654 petendi.

413 2679 528 2739 Aeneas
550 2677 649 2737 divum
672 2678 792 2737 monitis
814 2676 874 2737 adit
895 2675 1010 2736 Arcada
1032 2695 1134 2755 regem

414 2779 586 2840 Euandrum
609 2777 733 2839 Arcadia
756 2777 929 2856 profugum,
953 2796 1027 2838 nova
1049 2795 1142 2856 regna
1163 2785 1324 2857 petentem.
1458 2779 1477 2842 5

398 2982 477 3032 discit
494 2981 527 3045 pb
545 2979 626 3031 disc&
643 2996 666 3042 c,
686 2979 791 3032 Mentel.
878 2979 894 3027 8
913 2927 1023 3030 aldhisen
1041 2982 1056 3030 d
1141 2983 1253 3047 penitus
1275 2985 1408 3035 conualle
1426 2989 1436 3035 l
1452 2994 1477 3035 ut

332 3067 397 3116 Aeo.
417 3066 456 3117 VI
473 3066 523 3114 679
549 3062 762 3124 Pennus-Q·
781 3060 821 3112 IN
839 3061 972 3113 VALLE·
990 3063 1063 3129 prc
1088 3066 1198 3131 penitus
1224 3067 1253 3116 in
1279 3067 1356 3119 ualle
1384 3078 1410 3134 ψ

329 3148 546 3202 9AGNOSCIT
563 3148 657 3212 prcor
742 3150 941 3198 monstrentel
969 3144 1166 3214 monstralq·c
1200 3150 1402 3204 NARRANTE
1420 3157 1476 3221 de

403 3237 521 3300 parents
550 3249 566 3298 γ
600 3228 719 3296 parentfi
747 3247 761 3279 c
863 3234 895 3282 10
924 3231 1034 3298 sociosq.
1069 3231 1164 3284 reuisit
1192 3250 1246 3300 pem
1281 3243 1309 3286 ut
1338 3237 1407 3290 Aen.
1439 3240 1477 3290 VI

329 3321 379 3373 899
463 3317 525 3371 VII.
568 3315 671 3365 Eactaut
704 3317 731 3364 iu
753 3315 827 3378 Ilpbl.
910 3318 924 3364 l
955 3315 1120 3367 SEPELIT·
1146 3319 1234 3369 TVM·
1263 3320 1304 3384 ny
1327 3322 1431 3372 tumult
1462 3327 1477 3380 l,

327 3406 394 3454 uude
411 3403 515 3453 tumulo
534 3399 583 3449 dat
599 3401 632 3449 L.
652 3399 762 3449 Mueller
830 3401 846 3448 2
865 3400 1033 3451 Laurentum
1051 3406 1060 3452 l
1077 3403 1339 3466 LAVRENTVMQ·
1360 3405 1420 3470 de

362 3487 435 3538 hanc
454 3501 518 3549 om.p
538 3497 572 3533 ec
590 3485 622 3536 L.
641 3483 752 3533 Mueller
833 3481 1021 3535 COGNOVIT
1039 3487 1085 3551 Rp
1166 3489 1427 3552 ueneremur

329 3567 677 3622 5MITTVNT·LAETI
693 3568 734 3646 VI
803 3571 897 3618 tunel
964 3569 1082 3622 SORTE
1101 3573 1142 3638 ny
1216 3574 1351 3638 ductor
1375 3575 1477 3626 NATI

329 3656 352 3705 R
404 3653 515 3705 VHaec
528 3653 560 3705 L.
574 3653 683 3703 Mueller
700 3651 755 3701 Hic
774 3655 790 3716 i,
814 3651 877 3702 Veu.
897 3650 972 3704 Hoc
990 3655 1070 3720 proo
1122 3656 1197 3706 furio
1214 3657 1237 3714 b,
1256 3657 1288 3707 L.
1301 3657 1416 3710 Mueller
1434 3660 1476 3710 fn·

330 3741 400 3789 riam
418 3741 428 3788 l
444 3736 567 3786 FORTI}
586 3738 634 3800 Bp,
656 3738 722 3788 Ven.
796 3735 905 3787 distruit
922 3741 931 3788 l
948 3738 1067 3789 destruit
1083 3742 1117 3792 L.
1136 3741 1261 3792 Mueller:
1283 3743 1317 3804 cs.
1336 3744 1405 3794 Aen.
1424 3745 1478 3795 VII

330 3825 380 3875 339
409 3819 526 3887 (dissice
554 3821 733 3886 compositam
759 3819 867 3886 pacem)
952 3823 1044 3873 IRAM
1061 3825 1102 3888 Rp
1188 3827 1204 3875 8
1227 3824 1477 3880 concvltssvnr

330 3971 454 4025 DICTIS
471 3973 536 4038 pr,
553 3979 580 4022 ut
597 3972 637 4021 XI
654 3972 678 4025 8.
697 3971 756 4023 Rex
775 3972 851 4022 cedit
869 3973 949 4024 furiis
966 3978 975 4025 l
1030 3979 1097 4026 vote
1108 3977 1141 4026 L.
1153 3975 1263 4027 Mueller
1318 3929 1479 4044 repugchnt

331 4075 348 4123 y
418 4059 449 4106 10
467 4057 549 4104 Arma
567 4057 661 4106 ferunt
678 4059 775 4121 gentes
794 4058 871 4108 socia
885 4057 933 4108 det
945 4058 1020 4109 bella
1032 4059 1163 4110 iuventus
1181 4065 1196 4120 l,
1215 4063 1241 4110 ln
1260 4061 1348 4128 qulbus
1365 4065 1477 4114 sociatu

331 4142 368 4192 ud
385 4142 492 4191 coniecit
509 4141 542 4188 L.
560 4139 678 4190 Mueller.
717 4143 766 4192 sed
782 4144 866 4193 neseio
888 4160 922 4193 an
944 4147 1043 4209 gentes
1065 4145 1159 4195 sociae
1181 4147 1359 4210 corrigendum
1376 4150 1427 4212 sie,
1452 4157 1476 4198 ut

332 4229 407 4278 etlam
432 4226 458 4274 in
480 4223 622 4272 Burmanni
646 4224 718 4275 libris
743 4227 854 4278 omnibus
880 4234 961 4277 ecclat.
1041 4229 1117 4280 VIII.
1162 4229 1265 4280 Eoeluul
1282 4233 1308 4280 in
1325 4231 1411 4296 eyter

334 4308 504 4362 1bolli÷t
572 4309 718 4361 4monitis
734 4309 757 4376 (I
771 4314 798 4361 in
814 4309 880 4374 raa.)
899 4313 914 4362 b
932 4315 1063 4380 monIt’p
1081 4313 1224 4366 MONITV
1242 4314 1289 4364 net
1358 4315 1429 4366 edat
1447 4317 1477 4368 tt

400 4393 522 4445 archado
540 4392 570 4442 bc
587 4393 688 4444 arcade
706 4399 715 4446 l
799 4401 815 4447 5
834 4397 947 4448 croadis
964 4397 1175 4449 cancamum
1193 4399 1257 4464 ltro
1277 4399 1430 4453 archediae
1448 4402 1477 4452 dc
