3212 5042
739 400 982 448 PROLEGOMENA.

752 925 885 1002 Onrur
913 927 978 1003 VI.

718 1123 782 1207 De
830 1125 1014 1209 Aeneide

322 1277 484 1385 qualem
514 1277 724 1386 reliquerit
753 1261 877 1386 poeta
907 1289 951 1362 et
981 1281 1127 1388 quibus
1157 1229 1410 1390 temporibus

757 1416 971 1525 scripserit.

378 1818 462 1890 Quod
485 1819 645 1896 georgicon
668 1815 770 1879 {1146
793 1821 932 1899 promisit
954 1819 1100 1899 Vergilius

495 1941 558 1980 mox
582 1932 670 1980 tamen
694 1925 814 1981 ardentis
837 1927 964 2000 accingar
986 1927 1076 1984 dicere
1099 1945 1205 2001 pugnas

496 2009 618 2066 Caesaris
641 2017 669 2066 et
690 2027 790 2066 nomen
812 2009 882 2067 lama
906 2018 948 2068 tot
971 2013 1042 2068 serre
1064 2029 1114 2086 por
1136 2030 1230 2074 annos,

496 2095 607 2157 Tithoni
630 2094 716 2170 prima
746 2104 814 2170 quot
842 2095 919 2154 abest
948 2097 981 2154 ab
1010 2099 1117 2172 origine
1140 2098 1237 2154 Caesar

292 2229 417 2299 videtur,
441 2237 473 2290 ut
495 2227 556 2288 dixi
577 2247 606 2308 p.
630 2225 686 2298 45,
718 2235 780 2290 tum
802 2231 946 2310 temporis
969 2230 1101 2291 nondum
1124 2229 1277 2300 Aeneidis,
1310 2231 1361 2300 sed
1390 2226 1440 2292 res

293 2332 330 2392 alr
353 2331 512 2393 Octaviano
535 2338 634 2408 gestas
657 2332 820 2394 exornandi
843 2321 999 2394 consilium
1022 2333 1185 2411 agitavisse.
1232 2331 1297 2402 Quo
1321 2332 1435 2394 abiecto

294 2435 420 2494 inseruit
442 2433 562 2512 quidem
585 2434 673 2495 etiam
696 2433 820 2494 Aeneidi
848 2433 949 2496 laudes
979 2435 1121 2512 quasdam
1143 2433 1282 2512 Augusti,
1314 2436 1441 2496 maxime

293 2542 395 2596 octavo
417 2533 495 2596 lihro
518 2542 651 2596 extremo
675 2535 868 2615 splendidam,
894 2538 1027 2615 quamvis
1049 2537 1170 2599 brevem
1189 2537 1326 2598 Actiacae
1348 2537 1440 2598 victo-

292 2639 356 2698 riae
379 2644 409 2698 et
430 2636 556 2717 triplicis
584 2638 728 2717 triumphi
757 2638 1005 2718 descriptionem,
1035 2658 1091 2720 qua
1114 2636 1230 2700 Probus
1258 2656 1376 2718 quoque
1404 2639 1440 2699 ad

293 2738 483 2818 georgii.
513 2739 601 2801 fidem
631 2739 755 2801 solvisse
782 2743 885 2802 statuit
911 2749 1046 2821 poetam3
1077 2739 1129 2802 sed
1157 2741 1260 2820 paucis
1287 2739 1441 2801 versiculis

296 2841 454 2902 defunctus
482 2841 548 2902 lulii
574 2843 694 2920 generis
722 2849 751 2902 et
778 2842 875 2904 Latini
902 2845 1030 2904 nominis
1058 2844 1188 2922 origines
1222 2841 1325 2904 maluit
1352 2860 1441 2922 quam
1538 2899 1540 2903 .

294 2944 477 3005 atrocissima
500 2944 593 3006 civilis
614 2943 685 3007 belli
708 2944 879 3006 discrimina
903 2951 932 3006 et
955 2947 1021 3007 vitia
1036 2953 1173 3026 poemate
1189 2947 1349 3006 memoriae
1371 2963 1440 3025 pro·

295 3045 376 3106 dere.
422 3046 536 3107 Tamen
558 3048 651 3108 luisse
675 3049 808 3125 quinon
832 3049 992 3110 Aeneidem
1016 3045 1063 3125 (dc
1086 3067 1142 3128 qua
1164 3046 1242 3108 tituli
1264 3048 1359 3108 torma
1373 3052 1443 3126 post

296 3147 479 3210 Lobeckium
501 3149 612 3229 pathol.
638 3169 661 3211 s.
686 3149 736 3210 Gr.
765 3148 880 3230 proleg.
909 3169 937 3230 p.
961 3147 1023 3212 477
1053 3152 1173 3230 copiose
1201 3149 1360 3231 disputavit
1381 3148 1441 3209 llo·

297 3251 402 3312 bertus
431 3252 533 3330 Unger
561 3253 593 3313 in
620 3260 841 3332 programmate
870 3251 1213 3331 Neobrandenburgensi
1240 3253 1309 3314 anni
1338 3247 1441 3330 1855),

294 3353 346 3414 sed
369 3353 470 3430 ‘nesta
488 3357 600 3432 popule·
618 3356 766 3416 Romani’
790 3353 1010 3434 appellaverint,
1034 3355 1103 3434 quia
1126 3355 1295 3416 summatim
1310 3353 1442 3415 Romana

294 3456 419 3518 historia
442 3455 592 3519 celebrata
613 3458 712 3527 luerit,
736 3457 857 3518 Servius
879 3455 915 3518 ad
937 3456 1009 3517 Aen.
1025 3449 1071 3517 ¹Vl
1086 3453 1148 3519 752
1163 3463 1274 3518 narrat.
1304 3455 1443 3516 Ceterum

295 3560 491 3640 proposuisse
514 3560 579 3639 ipse
603 3559 710 3636 Caesar
732 3558 871 3620 Aeneidis
902 3567 1110 3638 argumentum
1140 3561 1172 3620 in
1201 3558 1335 3621 eiusdem
1362 3576 1442 3618 com·

298 3663 437 3724 mentarii
458 3663 612 3742 prooemio
634 3680 664 3741 p.
686 3657 707 3721 2
729 3661 762 3722 L.
786 3661 924 3722 traditur.

382 3765 475 3836 Quam
504 3783 571 3826 cum
600 3764 755 3844 scripserit·
781 3771 870 3844 poeta
897 3765 982 3825 aunis
1003 3763 1043 3824 XI
1066 3763 1181 3839 (llonati
1210 3765 1267 3825 vita
1291 3782 1320 3842 p.
1344 3758 1399 3831 60,
1423 3759 1443 3822 6

296 3867 330 3928 R.
353 3867 469 3929 Plrocas
491 3884 516 3926 v.
543 3862 630 3944 101),
663 3865 813 3928 incohavit
840 3883 917 3927 anno
939 3885 967 3927 u.
992 3885 1017 3927 c.
1041 3861 1113 3927 725.
1158 3866 1200 3927 lta
1223 3871 1324 3926 autem
1347 3865 1441 3942 scrip-

296 3972 372 4032 sisse
399 3971 493 4031 fertur
523 3968 636 4048 (donat.
667 3987 696 4047 p.
719 3965 775 4039 59,
801 3965 840 4030 16
863 3969 923 4050 n),
953 3976 987 4030 ut
1015 3969 1139 4047 ‘prosa'
1170 3969 1267 4048 primo
1290 3967 1444 4027 ‘oratioue

296 4074 454 4134 formatam
478 4071 683 4150 digestamque
705 4072 737 4130 in
758 4069 810 4130 Xll
838 4069 932 4130 libros
961 4069 1161 4148 particulatim
1190 4085 1370 4149 componere
1398 4068 1443 4126 in·
1500 4079 1506 4086 ’

297 4175 435 4236 stitueret
466 4181 556 4254 prout
583 4172 692 4234 liberet
719 4172 851 4252 quidque
885 4179 915 4232 et
942 4170 1016 4232 nihil
1042 4173 1074 4231 in
1104 4172 1240 4233 ordinem
1268 4169 1443 4246 arripiens’

295 4276 338 4338 Ac
365 4279 422 4337 ‘ne
450 4275 519 4353 quid
548 4277 691 4356 impetum
714 4281 881 4335 moraretur
903 4272 1049 4353 quaedam
1076 4273 1242 4352 inperfecta
1270 4271 1443 4338 transmisit,
1563 4355 1568 4362 .
1603 4313 1604 4336 r

297 4377 354 4440 alia
375 4377 533 4440 levissimis
555 4376 654 4439 verbis
677 4375 765 4438 veluti
787 4374 878 4447 fulsit,
902 4394 978 4456 quae
1000 4394 1054 4456 per
1076 4375 1177 4436 iocum
1198 4393 1254 4454 pro
1270 4371 1444 4434 tibicinibus

295 4482 445 4563 interponi
473 4479 569 4542 aiebat
597 4479 634 4542 ad
662 4478 870 4543 sustinendum
899 4497 987 4559 opus,
1019 4476 1114 4538 donec
1144 4475 1257 4552 solidae
1286 4473 1443 4536 columnae
