3276 5050
623 415 866 464 enormcousns.
1273 389 1315 462 83

166 590 312 668 temporis
334 589 427 666 signa.
475 556 596 648 Videtur
618 596 716 648 autem
739 595 834 648 totum
863 586 971 648 librum
995 553 1061 656 31113Ι
1082 587 1176 664 magis
1199 588 1315 666 331133-

166 699 233 752 1313
257 698 287 750 31
307 690 477 756 accuratius
498 691 643 769 scriptum
672 689 828 770 reliquisse
856 695 953 768 poeta.
1004 689 1038 748 ln
1066 707 1125 768 quo
1155 705 1193 750 ne
1222 686 1315 748 bemi-

165 789 274 855 31131113
296 791 416 869 quidem
445 791 511 872 plus
538 793 596 852 1113
624 793 816 871 reperiuntur
843 787 895 852 41.
919 787 991 852 469.
1015 788 1088 852 536.
1133 791 1176 852 Ex
1206 791 1315 870 quibus

166 894 248 975 qnod
269 895 400 972 primum
423 895 510 972 posui
532 895 625 955 ascito
648 911 754 954 versus
768 890 810 953 49
833 892 953 953 dimidio
977 900 1007 954 et
1029 893 1148 954 omissis
1170 911 1246 973 quae
1268 895 1315 954 13-

168 994 326 1056 tercedunt
348 997 497 1072 integrum
520 995 584 1056 11311
612 997 767 1075 perspexit
788 996 919 1074 Heynius
950 1002 980 1054 31
1008 1013 1134 1074 3131333
1164 995 1314 1074 persuasit

166 1087 392 1175 PeerlkampuS,
414 1099 536 1158 minime
558 1097 600 1157 illi
623 1098 743 1158 refutati
758 1117 774 1158 a
791 1097 957 1158 Conradino
980 1115 1008 1176 p.
1026 1095 1090 1156 Vlll
1113 1095 1179 1157 adn.
1211 1097 1313 1157 Mons-

168 1209 250 1260 trum
280 1200 359 1258 enim
390 1198 473 1260 ‘cum
496 1201 559 1260 1313
583 1198 722 1260 33333131
744 1198 829 1259 albo'
862 1218 912 1259 sus
936 1195 984 1277 (81
1009 1199 1084 1278 sqq.)
1114 1199 1142 1258 oi
1165 1199 1237 1260 33113
1260 1216 1312 1258 no·

166 1308 230 1362 tum
256 1309 334 1370 erat,
363 1303 415 1378 qui
443 1303 572 1362 vaticinii
601 1301 637 1362 ab
659 1299 774 1361 Heleno
796 1297 920 1361 111396
943 1317 1007 1378 sqq.
1038 1300 1097 1382 dati
1119 1301 1312 1360 meminisset.

166 1403 258 1464 ldem
274 1409 371 1464 autem
395 1402 610 1481 Peerlkampus
632 1409 699 1464 oum
722 1420 747 1460 v.
774 1399 813 1462 13
836 1417 879 1479 sq.
904 1401 978 1462 11333
1000 1401 1174 1463 ε1331133...
1192 1403 1315 1462 nomen’

165 1521 339 1582 33333333
362 1525 379 1565 3
401 1503 530 1582 Vergilio
553 1507 665 1585 scripta
687 1520 753 1565 esse
776 1503 1039 1574 demonstraverit,
1069 1503 1184 1565 accedit
1212 1505 1313 1583 13331-

168 1607 269 1667 fectus
293 1625 395 1666 versus
421 1604 467 1668 13.
513 1607 1008 1685 11133333131333133131113313
1037 1605 1214 1668 131313111331
1237 1602 1310 1675 654,

167 1725 259 1788 quern
282 1706 473 1768 librariorum
498 1725 602 1769 311313
628 1707 734 1770 1313331
763 1708 794 1767 13
822 1707 921 1768 133313
949 1708 1077 1770 delatum
1102 1725 1166 1769 esse
1190 1709 1314 1777 conieci,

167 1811 194 1870 si
218 1809 289 1888 quid
314 1809 451 1889 displicet
473 1811 504 1870 in
527 1810 584 1870 hoe
606 1809 698 1878 libro,
727 1809 925 1870 abundantiae
947 1813 1074 1872 manime
1097 1813 1167 1871 vitio
1189 1811 1323 1872 laborat..

164 1913 267 1989 ltaque
290 1923 410 1972 1313133
433 1913 522 1974 311331
552 1912 696 1990 quaedam
721 1907 801 1991 (627.
827 1908 898 1990 731)
926 1919 960 1972 31
980 1913 1137 1992 superflua
1165 1915 1314 1994 vitupera·

164 2021 281 2075 verunt.
325 2015 362 2074 Et
383 2016 483 2075 statim
506 2016 590 2075 initio
614 2033 637 2076 1.
662 2011 766 2075 3333
789 2013 919 2075 abundat
942 2014 1047 2086 solum,
1078 2015 1129 2074 sed
1153 2031 1313 2095 perversus

165 2123 225 2176 est:
261 2135 329 2176 nam
358 2117 473 2177 animos
498 2099 588 2196 ¹prius
610 2115 726 2176 turbari
754 2122 784 2176 et
813 2117 927 2176 saevire
949 2118 1132 2178 iuventutem
1157 2125 1312 2178 33333313·

164 2235 255 2278 33331
280 2225 352 2287 3131,
376 2225 438 2278 1331
462 2217 583 2279 demum
609 2236 700 2298 equos
723 2224 752 2276 et
775 2236 856 2278 arma
880 2219 1012 2278 excitari.
1057 2219 1135 2297 Ergo
1158 2221 1243 2280 uncis
1266 2220 1310 2279 in·

164 2316 330 2380 eludendus
354 2326 418 2379 erat
439 2320 510 2379 item
533 2326 566 2379 ut
582 2338 668 2398 quem
685 2321 791 2388 merito
806 2319 1020 2400 Peerlkampus
1036 2319 1184 2381 damnavit
1202 2317 1263 2381 149
1285 2330 1314 2380 31

100 2426 102 2436 ’
163 2422 224 2480 iam
247 2420 362 2501 Heynio
387 2422 520 2499 suspecti
543 2417 605 2482 283
622 2439 665 2499 sq.
696 2422 793 2482 Etiam
817 2439 841 2480 v.
865 2418 925 2482 601
950 2421 1038 2483 dubia
1061 2421 1134 2482 mibi
1156 2421 1229 2482 iides
1252 2429 1312 2482 est:

163 2523 261 2584 miror
290 2523 371 2582 enim
400 2521 537 2582 Latinum
563 2531 682 2601 poetam
711 2523 845 2585 Silvanus
877 2524 972 2601 qualis
1006 2531 1084 2586 33331
1113 2524 1187 2586 deus
1215 2524 1314 2585 verbis

166 2625 327 2686 ‘arvorum
355 2625 534 2703 pecorisque
557 2624 630 2685 deo'
667 2626 867 2688 enarrandum
899 2625 956 2687 sibi
984 2626 1112 2686 duxisse.
1170 2626 1229 2687 Sed
1258 2625 1314 2688 alia

168 2743 256 2786 causa
279 2724 384 2804 parum
412 2733 498 2805 aptae
525 2725 604 2786 illius
626 2727 743 2788 Tartari
772 2730 1062 2790 commemorationis
1083 2746 1110 2788 1.
1135 2724 1312 2798 666-676,

165 2845 257 2904 quam
281 2827 351 2888 licet
372 2828 526 2888 verissime
549 2847 565 2887 a
588 2828 786 2910 Peerlkampo
808 2831 1005 2909 vituperatam
1034 2839 1132 2891 tamen
1160 2829 1313 2891 3133113·

165 2947 236 2990 mus
259 2931 290 2990 in
315 2937 396 2990 textu
419 2937 530 3008 cogunt
551 2950 577 2990 1.
601 2927 660 2990 671
691 2931 781 2992 verba
810 2932 901 2991 ‘haee
929 2933 1035 3002 inter’,
1065 2951 1140 3012 quae
1163 2952 1223 2994 333
1246 2952 1314 3012 pos·

166 3039 237 3092 sunt
259 3031 392 3108 intellegi
414 3032 472 3091 nisi
495 3037 657 3092 statuamus
679 3034 758 3093 inter
779 3033 897 3094 Tartari
920 3041 949 3093 31
972 3052 1074 3094 331313
1097 3052 1173 3114 quae
1188 3035 1219 3094 in
1234 3041 1313 3095 terra

163 3141 248 3212 gesta
273 3135 429 3211 linguntur
450 3134 611 3211 imaginem
635 3134 784 3196 Oceanum
807 3135 938 3196 floruisse.
988 3135 1100 3196 Tamen
1129 3154 1188 3196 non
1211 3135 1314 3196 dubito

164 3237 237 3314 quin
270 3234 350 3295 11333
384 3237 514 3296 maxime
550 3234 650 3297 locum
683 3237 823 3298 secundis
861 3238 940 3298 curis
973 3245 1061 3316 33313
1091 3243 1334 3301 ,retractaturus-

162 3338 263 3398 fuerit.

249 3438 282 3500 13
305 3441 418 3500 decimo
441 3439 517 3500 libro
542 3441 659 3518 quando
684 3448 817 3502 versatus
842 3442 991 3519 31133313
1014 3439 1095 3501 33113
1118 3440 1227 3502 indicio
1242 3461 1311 3521 pro·

164 3540 254 3602 ditur.
300 3540 365 3602 Non
389 3541 545 3620 complevit
566 3562 673 3604 versus
697 3541 746 3604 17.
770 3539 842 3604 284.
866 3539 939 3604 490.
963 3539 1035 3604 580.
1060 3539 1130 3604 728.
1155 3539 1226 3612 876,
1257 3562 1312 3604 333

162 3640 475 3722 2713331331311333
505 3644 637 3713 videtum
668 3653 697 3706 31
725 3645 966 3725 131313313113313
995 3646 1195 3723 suspicionem
1224 3645 1310 3706 etiam

160 3763 185 3806 v.
213 3742 273 3806 145
301 3746 373 3807 satis
401 3746 509 3824 frigida
538 3746 574 3807 de
606 3747 722 3826 Capuae
751 3749 872 3808 nomine
904 3748 1008 3808 notitia
1036 3753 1144 3807 movet.
1201 3747 1313 3824 integri

161 3865 264 3908 versus
292 3847 465 3926 interpolati
492 3847 639 3910 librorum
668 3851 845 3910 auctoritate
872 3849 1069 3928 repudiantur
1097 3845 1160 3908 278
1189 3845 1312 3910 31872.

161 3949 221 4008 Sed
244 3950 362 4010 omissis
385 3949 450 4010 aliis
473 3953 580 4030 333313
602 3951 779 4031 quibusdam
802 3952 965 4028 integritati
988 3951 1134 4030 poematis
1149 3949 1226 4011 bene
1242 3968 1312 4011 eon-

162 4048 301 4112 3311133·
325 4051 459 4112 Ρ1113331
483 4072 508 4111 v.
532 4049 577 4118 20,
598 4069 641 4131 sq.
678 4054 751 4114 13111
773 4053 907 4114 Turnum
941 4073 996 4133 331
1023 4053 1136 4114 medios
1166 4053 1313 4131 insignem

161 4151 342 4228 3331313133
366 4155 503 4233 queritur
519 4155 639 4216 Venus:
663 4155 748 4215 initio
772 4156 891 4233 quidem
914 4155 1117 4216 antecedentis
1139 4153 1208 4214 libri
1229 4173 1256 4214 1.
1272 4152 1315 4215 60

161 4253 290 4315 Thracio
320 4253 371 4315 ille
401 4272 478 4332 equo
508 4262 577 4316 ante
606 4257 708 4318 volans
737 4276 843 4337 agmen
871 4264 1090 4338 praecesserat,
1125 4264 1154 4318 at
1186 4259 1311 4318 ‘cursu'

148 4377 185 4418 ’1.
209 4353 273 4418 559
294 4356 405 4438 Lycum
429 4364 552 4419 secutus
574 4359 667 4437 pedes
689 4361 753 4420 sine
777 4359 866 4421 dubio
889 4380 914 4420 v.
940 4357 1053 4420 728111
1076 4361 1313 4441 3311331313311

159 4458 306 4520 31133313
327 4461 423 4520 133131
446 4478 471 4520 1.
490 4456 550 4520 797
567 4462 691 4537 vestigia
715 4461 943 4544 ‘inproperata'
966 4461 1094 4544 rettulit,
1119 4461 1215 4521 donec
1237 4459 1311 4522 saltu

1061 4560 1106 4623 6*
