3276 5050
577 435 580 446 2
626 417 869 464 rnocneounun.
1274 394 1316 459 99

256 591 298 651 De
321 588 386 650 aliis
408 584 530 667 Vergilii
552 587 803 649 obtrectatoribus
833 605 927 667 pauca
955 586 1007 646 sed
1036 603 1069 645 ea
1097 584 1182 644 valde
1203 601 1316 644 memo·

170 690 275 752 rabilia
299 689 421 750 tradidit
443 691 606 751 Suetonius
628 691 660 749 in
683 691 740 749 vita
762 709 792 770 p.
816 685 858 750 65
880 707 923 768 sq.
948 687 981 749 ll.
1027 687 1101 748 Nam
1124 689 1222 748 statim
1247 688 1317 747 ‘bu-

147 797 274 870 ‘coliois
295 792 420 872 prolatis
442 794 644 853 innominatus
667 790 785 871 quidam
813 791 967 870 rescripsit
995 791 1214 867 arithmetico,
1244 789 1337 862 duas,

170 895 259 956 modo
283 894 416 972 eclogas,
441 895 493 954 secl
515 894 713 955 insulsissime
736 885 952 977 nupqidq'ceq,
981 909 1106 970 quarum
1130 893 1239 971 prioris
1259 891 1315 952 ini-

169 1000 241 1058 tium
267 1005 325 1059 est:

259 1203 262 1210 ,
323 1155 431 1228 Tityre,
454 1155 476 1209 si
500 1163 565 1228 toga
588 1154 667 1221 calda
687 1153 736 1210 tibi
760 1161 816 1222 est,
841 1171 896 1226 quo
920 1152 1039 1227 tegmina
1063 1153 1138 1226 lagi?

171 1288 340 1366 sequentis:

323 1425 367 1481 dic
389 1425 471 1490 mihi,
495 1426 636 1488 Damoeta,
660 1426 753 1481 cuium
775 1441 861 1499 pecus
883 1439 953 1482 anne
976 1424 1107 1480 latinum?

274 1529 277 1540 ¹
323 1527 393 1567 non:
418 1527 509 1566 verurn
531 1513 652 1584 Aegonis
675 1511 763 1566 nostri
786 1513 826 1566 sic
847 1527 912 1566 rnre
933 1510 1110 1584 loquuntur)
1191 1527 1194 1535 ·

170 1627 222 1688 ubi
245 1629 378 1687 ‘cuium’
394 1627 497 1714 vlorma
521 1627 652 1706 carpitur
676 1624 722 1704 (cl.
741 1626 848 1702 Serv.):
874 1643 946 1703 ergo
962 1644 1021 1686 non
1043 1617 1316 1704 interpungendum

171 1739 239 1810 post
260 1711 399 1816 ‘pecudi

255 1833 358 1908 ltaque
380 1815 506 1909 primam
531 1839 560 1890 et
582 1833 698 1892 tertiam
712 1831 835 1908 Vergilii
857 1829 990 1908 eclogam
1012 1829 1062 1890 ille
1085 1831 1236 1892 cavillatus
1261 1840 1315 1902 est,

172 1944 205 1996 ut
228 1935 378 1994 diversum
395 1932 504 1992 abhoc
526 1935 791 2008 Vergilianustipu
806 1934 896 1992 luisse
911 1951 966 2011 par
986 1935 1033 2002 sit,
1058 1950 1146 2010 quem
1171 1933 1319 1994 secundae

98 2053 102 2057 ·
172 2037 294 2114 eclogae
317 2056 345 2096 v.
368 2031 410 2096 22
433 2035 561 2113 maligna
585 2035 775 2095 distinctione
803 2037 845 2095 sic
868 2037 1039 2113 corrupisse
1063 2035 1184 2095 Servius
1206 2054 1318 2095 merno-

172 2147 234 2200 rat:
259 2142 309 2199 luc
331 2139 406 2198 inibi
425 2155 485 2198 non
509 2125 623 2198 oestote'
644 2154 761 2212 novom,
786 2154 846 2197 non
866 2137 1005 2211 sripore:
1032 2139 1112 2210 desit.
1158 2137 1215 2196 Sed
1240 2136 1319 2198 illius

173 2260 232 2302 non
253 2242 349 2300 ausim
373 2239 473 2300 dicere
495 2248 595 2300 utrum
619 2255 728 2300 nomen
751 2233 869 2318 aliquod
892 2238 975 2310 ¹velut
998 2241 1186 2300 Numitorius
1212 2241 1242 2299 in
1269 2258 1319 2298 co·
1366 2221 1370 2232 ’

174 2343 273 2404 dicum
305 2342 411 2402 litteris
439 2345 588 2421 corruptis
616 2325 794 2402 nninutorus
822 2348 850 2400 et
872 2345 1074 2403 numinutoris
1099 2341 1189 2401 lateat
1217 2359 1253 2400 an
1281 2360 1319 2401 ne

173 2447 319 2508 Suetonio
344 2445 462 2522 quidem
486 2451 588 2504 notum
611 2446 704 2504 luisse
727 2443 845 2514 Daniel,
870 2445 955 2504 cuius
978 2447 1182 2523 innominatus
1205 2445 1319 2506 coniec-

175 2558 260 2610 turae
291 2546 552 2608 Reillerscheidius
585 2546 775 2625 subscripsit,
813 2555 895 2606 recte
929 2549 1074 2607 statuerit.
1130 2547 1227 2608 Minus
1260 2547 1319 2607 buc
1353 2529 1359 2538 ³
1442 2615 1446 2623 Ι

172 2645 306 2731 pertinet
326 2645 404 2729 quod
428 2649 503 2709 alius
517 2649 657 2710 Hesiodei
681 2665 716 2707 ex
738 2667 807 2728 opp.
823 2645 884 2709 391
909 2668 1013 2709 versus
1033 2651 1154 2727 ignarus
1176 2652 1319 2710 recitante

174 2747 303 2830 Vergilio
332 2771 368 2812 ex
387 2755 540 2826 georpicis
561 2751 574 2810 l
596 2747 660 2810 299
688 2754 805 2812 ‘nudus
833 2770 906 2822 uro,
936 2770 1002 2812 sere
1024 2755 1142 2813 nudus'
1171 2752 1317 2814 insulsum

174 2854 398 2915 hemistichium
434 2854 573 2913 ‘babebis
597 2853 724 2928 sripore
742 2853 878 2926 febrem’
913 2853 1075 2916 subiecisse
1103 2862 1241 2916 narratur
1271 2853 1317 2933 (cs.

173 2956 313 3035 Servius).

258 3061 375 3137 lnteger
397 3076 476 3117 ‘vero
504 3057 647 3118 adversus
669 3055 798 3117 Aeneida
825 3057 901 3117 liber
929 3061 1024 3118 extitit
1052 3037 1169 3120 Caruili
1189 3061 1320 3120 Pictoris
1426 3123 1429 3132 ,

175 3163 259 3223 titulo
282 3164 513 3234 Aeneomnstin,
540 3159 619 3220 unde
642 3160 768 3220 lortasse
791 3159 945 3240 desumpta
968 3163 1065 3240 inepta
1090 3159 1166 3240 apud
1183 3162 1317 3220 Servium
1341 3195 1345 3206 ι

173 3264 340 3335 adnotatio,
371 3265 422 3341 qui
445 3263 480 3323 ad
503 3264 575 3323 den.
599 3260 623 3319 V
644 3258 705 3322 521
729 3261 803 3322 haec
825 3271 983 3323 memorat:
1016 3262 1132 3342 ‘culpat
1154 3263 1203 3322 bic
1224 3263 1318 3339 Virgi-

173 3368 244 3427 lium
267 3365 508 3444 Virgiliomastix.
553 3372 648 3424 artem
678 3366 757 3424 enim
785 3367 815 3424 in
850 3384 941 3426 vacuo
975 3371 1044 3426 abre
1073 3365 1232 3425 ostendere
1258 3383 1317 3424 non

172 3477 305 3548 poterat;
331 3485 511 3546 quamquam
533 3465 631 3526 dicant
652 3469 741 3547 periti
761 3487 849 3548 posse
865 3463 981 3547 ex‘ipso
997 3469 1217 3547 sagittariorum
1233 3474 1318 3545 gestu

172 3575 244 3633 artis
265 3573 404 3652 peritiam
426 3571 578 3631 indicari'.
959 3551 962 3558 ⁴
1026 3583 1029 3588 ·
1205 3571 1209 3574 '

138 3668 141 3674 ’
256 3674 313 3734 titi
336 3673 508 3752 diligentius
530 3672 643 3733 scilicet
665 3676 817 3734 materiam
841 3694 925 3735 suam
948 3674 1188 3734 administrantes
1204 3673 1319 3750 singula

172 3780 265 3839 totius
293 3797 400 3840 causae
430 3778 512 3855 quasi
541 3777 635 3855 capita
658 3778 811 3838 tractanda
834 3777 891 3838 sibi
913 3782 1117 3856 sumpserunt:
1153 3775 1319 3854 exquibus

105 3957 118 3976 Ι
172 3883 346 3944 Herennius
375 3881 495 3957 quidam
522 3865 637 3940 tanlum
666 3883 755 3956 vitiu,
787 3881 840 3941 sed
868 3898 901 3940 ea
929 3898 989 3940 non
1017 3879 1165 3939 sermonis
1194 3885 1318 3947 tantum,

172 3986 203 4044 ni
225 3983 319 4055 fallor,
344 3986 491 4046 Perellius
513 3985 645 4044 Faustus
662 3982 768 4061 furtu,
791 3983 819 4044 h.
846 4004 870 4043 e.
896 3999 971 4060 quae
995 4001 1031 4042 ex
1053 3981 1118 4042 aliis
1140 3983 1235 4061 poetls
1258 3982 1319 4040 sive

173 4086 295 4147 Graecis
318 4087 378 4147 sive
399 4086 540 4146 Romanis
561 4093 620 4145 tam
641 4087 672 4146 in
693 4085 792 4147 verbis
808 4105 896 4167 quam
918 4088 948 4146 in
970 4084 1063 4146 rebus
1085 4091 1234 4145 mutuatus
1258 4091 1320 4143 erat

172 4197 270 4269 poeta,
294 4191 457 4258 contraxit;
482 4191 567 4250 euius
583 4190 764 4266 quaestionis
780 4198 895 4270 partem
919 4191 1046 4270 aliquam
1068 4191 1187 4268 penitus
1210 4187 1318 4247 exhau-

173 4293 248 4352 sisse
272 4292 408 4352 vidcntur
431 4310 505 4371 quae
528 4293 599 4351 item
615 4289 747 4352 Suetonii
770 4300 866 4354 aetate
889 4296 1051 4355 extiterunt
1068 4293 1100 4366 Q.
1120 4295 1226 4354 Octaui
1239 4294 1322 4352 Auiti

172 4396 317 4456 bomoeon
339 4397 482 4457 etenebon
505 4401 571 4455 octo
593 4397 758 4464 uolumina,
788 4415 863 4476 quae
887 4413 961 4474 quos
990 4404 1019 4456 et
1046 4397 1124 4457 unde
1152 4414 1255 4456 versus
1284 4412 1319 4453 ex

173 4497 285 4558 Latinis
307 4504 380 4574 puto
402 4499 499 4577 poetis
521 4496 719 4559 transtulisset
741 4499 940 4559 continebant.

1098 4601 1114 4638 ’l‘

677 4681 913 4792 §mm-EQ
1070 4597 1087 4662 7

696 4807 867 4854 oxfono

689 4899 877 4978 Museo&

653 4757 676 4808 ,.
