<?xml version="1.0" encoding="UTF-8"?>
<!DOCTYPE html PUBLIC "-//W3C//DTD XHTML 1.0 Transitional//EN"
    "http://www.w3.org/TR/xhtml1/DTD/xhtml1-transitional.dtd">
<html xmlns="http://www.w3.org/1999/xhtml" xml:lang="en" lang="en">
 <head>
  <title>
</title>
<meta http-equiv="Content-Type" content="text/html;charset=utf-8" />
  <meta name='ocr-system' content='tesseract 3.04.00' />
  <meta name='ocr-capabilities' content='ocr_page ocr_carea ocr_par ocr_line ocrx_word'/>
</head>
<body>
  <div class='ocr_page' id='page_1' title='image "./pvergilimaronis02ribbgoog/pvergilimaronis02ribbgoog_0104.png"; bbox 0 0 3212 5042; ppageno 0'>
   <div class='ocr_carea' id='block_1_1' title="bbox 588 439 1282 505">
    <p class='ocr_par' dir='ltr' id='par_1_1' title="bbox 588 439 1282 505">
     <span class='ocr_line' id='line_1_1' title="bbox 588 439 1282 505; baseline 0.007 -5"><span class='ocrx_word' id='word_1_1' title='bbox 588 459 834 503; x_wconf 78' lang='lat' dir='ltr'>rnocnconuam.</span> <span class='ocrx_word' id='word_1_2' title='bbox 1242 439 1282 505; x_wconf 86' lang='grc'>63</span> 
     </span>
    </p>
   </div>
   <div class='ocr_carea' id='block_1_2' title="bbox 131 627 1283 3743">
    <p class='ocr_par' dir='ltr' id='par_1_2' title="bbox 132 627 1283 3148">
     <span class='ocr_line' id='line_1_2' title="bbox 134 627 1281 706; baseline 0.002 -18"><span class='ocrx_word' id='word_1_3' title='bbox 134 627 232 689; x_wconf 90' lang='lat' dir='ltr'>modis</span> <span class='ocrx_word' id='word_1_4' title='bbox 254 629 385 688; x_wconf 88' lang='lat' dir='ltr'>imitatos</span> <span class='ocrx_word' id='word_1_5' title='bbox 407 627 510 696; x_wconf 90' lang='lat' dir='ltr'>luisse,</span> <span class='ocrx_word' id='word_1_6' title='bbox 535 634 648 687; x_wconf 90' lang='lat' dir='ltr'>motum</span> <span class='ocrx_word' id='word_1_7' title='bbox 671 637 789 706; x_wconf 92' lang='lat' dir='ltr'>poetam</span> <span class='ocrx_word' id='word_1_8' title='bbox 812 635 947 688; x_wconf 89' lang='lat' dir='ltr'>nestrum</span> <span class='ocrx_word' id='word_1_9' title='bbox 971 630 1127 706; x_wconf 73' lang='lat' dir='ltr'><strong>imaginem</strong></span> <span class='ocrx_word' id='word_1_10' title='bbox 1145 649 1228 690; x_wconf 88' lang='lat' dir='ltr'>suam</span> <span class='ocrx_word' id='word_1_11' title='bbox 1245 631 1281 690; x_wconf 92' lang='lat' dir='ltr'>de</span> 
     </span>
     <span class='ocr_line' id='line_1_3' title="bbox 133 728 1279 809; baseline 0.001 -19"><span class='ocrx_word' id='word_1_12' title='bbox 133 729 260 790; x_wconf 79' lang='lat' dir='ltr'><strong>Tantalo</strong></span> <span class='ocrx_word' id='word_1_13' title='bbox 284 729 482 789; x_wconf 81' lang='lat' dir='ltr'>exornavisse.</span> <span class='ocrx_word' id='word_1_14' title='bbox 529 733 565 788; x_wconf 83' lang='lat' dir='ltr'>nt</span> <span class='ocrx_word' id='word_1_15' title='bbox 588 728 695 789; x_wconf 89' lang='lat' dir='ltr'>desunt</span> <span class='ocrx_word' id='word_1_16' title='bbox 716 729 838 790; x_wconf 88' lang='lat' dir='ltr'>llumina</span> <span class='ocrx_word' id='word_1_17' title='bbox 861 731 988 790; x_wconf 89' lang='lat' dir='ltr'>sitientis</span> <span class='ocrx_word' id='word_1_18' title='bbox 1010 750 1026 790; x_wconf 88' lang='lat' dir='ltr'>a</span> <span class='ocrx_word' id='word_1_19' title='bbox 1050 729 1141 791; x_wconf 89' lang='lat' dir='ltr'>labris</span> <span class='ocrx_word' id='word_1_20' title='bbox 1165 731 1279 809; x_wconf 83' lang='lat' dir='ltr'>lugien-</span> 
     </span>
     <span class='ocr_line' id='line_1_4' title="bbox 133 829 1280 912; baseline 0.001 -20"><span class='ocrx_word' id='word_1_21' title='bbox 133 833 183 901; x_wconf 89' lang='lat' dir='ltr'>tia,</span> <span class='ocrx_word' id='word_1_22' title='bbox 208 849 285 911; x_wconf 89' lang='lat' dir='ltr'>quae</span> <span class='ocrx_word' id='word_1_23' title='bbox 307 833 358 911; x_wconf 90' lang='lat' dir='ltr'>qui</span> <span class='ocrx_word' id='word_1_24' title='bbox 374 829 529 890; x_wconf 74' lang='lat' dir='ltr'>Tantalum</span> <span class='ocrx_word' id='word_1_25' title='bbox 553 831 701 909; x_wconf 90' lang='lat' dir='ltr'>positurus</span> <span class='ocrx_word' id='word_1_26' title='bbox 724 837 796 899; x_wconf 88' lang='lat' dir='ltr'>erat,</span> <span class='ocrx_word' id='word_1_27' title='bbox 821 850 880 890; x_wconf 92' lang='lat' dir='ltr'>non</span> <span class='ocrx_word' id='word_1_28' title='bbox 897 833 1059 892; x_wconf 88' lang='lat' dir='ltr'>omisisset:</span> <span class='ocrx_word' id='word_1_29' title='bbox 1083 851 1117 892; x_wconf 87' lang='lat' dir='ltr'>ac</span> <span class='ocrx_word' id='word_1_30' title='bbox 1133 851 1171 893; x_wconf 86' lang='lat' dir='ltr'>ne</span> <span class='ocrx_word' id='word_1_31' title='bbox 1186 835 1280 912; x_wconf 90' lang='lat' dir='ltr'>ipsum</span> 
     </span>
     <span class='ocr_line' id='line_1_5' title="bbox 135 932 1283 1012; baseline 0.003 -19"><span class='ocrx_word' id='word_1_32' title='bbox 135 933 254 1012; x_wconf 89' lang='lat' dir='ltr'>quidem</span> <span class='ocrx_word' id='word_1_33' title='bbox 278 951 388 994; x_wconf 90' lang='lat' dir='ltr'>nomen</span> <span class='ocrx_word' id='word_1_34' title='bbox 412 935 477 993; x_wconf 91' lang='lat' dir='ltr'>eius</span> <span class='ocrx_word' id='word_1_35' title='bbox 499 934 529 992; x_wconf 94' lang='lat' dir='ltr'>in</span> <span class='ocrx_word' id='word_1_36' title='bbox 554 939 636 994; x_wconf 83' lang='lat' dir='ltr'>textu</span> <span class='ocrx_word' id='word_1_37' title='bbox 659 941 762 993; x_wconf 88' lang='lat' dir='ltr'>nostro</span> <span class='ocrx_word' id='word_1_38' title='bbox 786 932 903 1010; x_wconf 85' lang='lat' dir='ltr'>legitur.</span> <span class='ocrx_word' id='word_1_39' title='bbox 953 934 1031 1010; x_wconf 82' lang='lat' dir='ltr'>Ergo</span> <span class='ocrx_word' id='word_1_40' title='bbox 1055 934 1177 995; x_wconf 90' lang='lat' dir='ltr'>mutilus</span> <span class='ocrx_word' id='word_1_41' title='bbox 1199 933 1283 997; x_wconf 93' lang='lat' dir='ltr'>locus</span> 
     </span>
     <span class='ocr_line' id='line_1_6' title="bbox 135 1033 1283 1114; baseline 0.002 -20"><span class='ocrx_word' id='word_1_42' title='bbox 135 1043 179 1096; x_wconf 91' lang='lat' dir='ltr'>est</span> <span class='ocrx_word' id='word_1_43' title='bbox 200 1037 262 1095; x_wconf 91' lang='lat' dir='ltr'>sive</span> <span class='ocrx_word' id='word_1_44' title='bbox 286 1035 322 1095; x_wconf 92' lang='lat' dir='ltr'>ab</span> <span class='ocrx_word' id='word_1_45' title='bbox 345 1037 411 1113; x_wconf 91' lang='lat' dir='ltr'>ipso</span> <span class='ocrx_word' id='word_1_46' title='bbox 433 1042 521 1112; x_wconf 89' lang='lat' dir='ltr'>poeta</span> <span class='ocrx_word' id='word_1_47' title='bbox 544 1033 667 1095; x_wconf 86' lang='lat' dir='ltr'>relictus</span> <span class='ocrx_word' id='word_1_48' title='bbox 690 1035 751 1094; x_wconf 92' lang='lat' dir='ltr'>sive</span> <span class='ocrx_word' id='word_1_49' title='bbox 773 1033 962 1094; x_wconf 80' lang='lat' dir='ltr'>librariorum</span> <span class='ocrx_word' id='word_1_50' title='bbox 986 1034 1071 1114; x_wconf 92' lang='lat' dir='ltr'>culpa</span> <span class='ocrx_word' id='word_1_51' title='bbox 1089 1037 1192 1096; x_wconf 86' lang='lat' dir='ltr'>lactus.</span> <span class='ocrx_word' id='word_1_52' title='bbox 1222 1037 1283 1097; x_wconf 92' lang='lat' dir='ltr'>Nec</span> 
     </span>
     <span class='ocr_line' id='line_1_7' title="bbox 136 1135 1283 1215; baseline 0.002 -19"><span class='ocrx_word' id='word_1_53' title='bbox 136 1136 223 1215; x_wconf 89' lang='lat' dir='ltr'>plura</span> <span class='ocrx_word' id='word_1_54' title='bbox 248 1154 335 1214; x_wconf 84' lang='lat' dir='ltr'>quam</span> <span class='ocrx_word' id='word_1_55' title='bbox 367 1155 422 1196; x_wconf 90' lang='lat' dir='ltr'>nos</span> <span class='ocrx_word' id='word_1_56' title='bbox 450 1136 521 1213; x_wconf 84' lang='lat' dir='ltr'>legit</span> <span class='ocrx_word' id='word_1_57' title='bbox 549 1143 599 1196; x_wconf 91' lang='lat' dir='ltr'>aut</span> <span class='ocrx_word' id='word_1_58' title='bbox 628 1137 678 1215; x_wconf 90' lang='lat' dir='ltr'>qui</span> <span class='ocrx_word' id='word_1_59' title='bbox 701 1135 789 1195; x_wconf 90' lang='lat' dir='ltr'>Probi</span> <span class='ocrx_word' id='word_1_60' title='bbox 820 1137 938 1196; x_wconf 89' lang='lat' dir='ltr'>nomine</span> <span class='ocrx_word' id='word_1_61' title='bbox 966 1139 1046 1196; x_wconf 89' lang='lat' dir='ltr'>venit</span> <span class='ocrx_word' id='word_1_62' title='bbox 1068 1146 1283 1198; x_wconf 75' lang='lat' dir='ltr'>commentator</span> 
     </span>
     <span class='ocr_line' id='line_1_8' title="bbox 134 1237 1281 1317; baseline 0 -19"><span class='ocrx_word' id='word_1_63' title='bbox 134 1245 186 1298; x_wconf 94' lang='lat' dir='ltr'>aut</span> <span class='ocrx_word' id='word_1_64' title='bbox 208 1240 258 1315; x_wconf 91' lang='lat' dir='ltr'>qui</span> <span class='ocrx_word' id='word_1_65' title='bbox 280 1239 397 1316; x_wconf 89' lang='lat' dir='ltr'>primus</span> <span class='ocrx_word' id='word_1_66' title='bbox 420 1237 500 1317; x_wconf 87' lang='lat' dir='ltr'>quod</span> <span class='ocrx_word' id='word_1_67' title='bbox 516 1239 547 1297; x_wconf 95' lang='lat' dir='ltr'>in</span> <span class='ocrx_word' id='word_1_68' title='bbox 564 1239 682 1315; x_wconf 80' lang='lat' dir='ltr'>MPybc</span> <span class='ocrx_word' id='word_1_69' title='bbox 697 1244 727 1296; x_wconf 91' lang='lat' dir='ltr'>et</span> <span class='ocrx_word' id='word_1_70' title='bbox 749 1255 764 1296; x_wconf 87' lang='lat' dir='ltr'>a</span> <span class='ocrx_word' id='word_1_71' title='bbox 788 1240 967 1298; x_wconf 89' lang='lat' dir='ltr'>correctoris</span> <span class='ocrx_word' id='word_1_72' title='bbox 983 1257 1071 1299; x_wconf 92' lang='lat' dir='ltr'>manu</span> <span class='ocrx_word' id='word_1_73' title='bbox 1086 1240 1116 1298; x_wconf 94' lang='lat' dir='ltr'>in</span> <span class='ocrx_word' id='word_1_74' title='bbox 1134 1243 1164 1298; x_wconf 88' lang='lat' dir='ltr'><em>F</em></span> <span class='ocrx_word' id='word_1_75' title='bbox 1177 1259 1200 1298; x_wconf 91' lang='lat' dir='ltr'>v.</span> <span class='ocrx_word' id='word_1_76' title='bbox 1217 1237 1281 1300; x_wconf 81' lang='lat'>602</span> 
     </span>
     <span class='ocr_line' id='line_1_9' title="bbox 133 1338 1282 1418; baseline 0.003 -20"><span class='ocrx_word' id='word_1_77' title='bbox 133 1348 213 1400; x_wconf 81' lang='lat' dir='ltr'>extat</span> <span class='ocrx_word' id='word_1_78' title='bbox 247 1343 337 1415; x_wconf 73' lang='lat' dir='ltr'>‘quos</span> <span class='ocrx_word' id='word_1_79' title='bbox 365 1358 455 1418; x_wconf 92' lang='lat' dir='ltr'>super</span> <span class='ocrx_word' id='word_1_80' title='bbox 482 1347 546 1399; x_wconf 86' lang='lat' dir='ltr'>atra</span> <span class='ocrx_word' id='word_1_81' title='bbox 574 1338 664 1398; x_wconf 85' lang='lat' dir='ltr'>silex&#39;</span> <span class='ocrx_word' id='word_1_82' title='bbox 693 1339 828 1416; x_wconf 83' lang='lat' dir='ltr'>scripsit,</span> <span class='ocrx_word' id='word_1_83' title='bbox 861 1358 928 1398; x_wconf 88' lang='lat' dir='ltr'>cum</span> <span class='ocrx_word' id='word_1_84' title='bbox 963 1339 1043 1400; x_wconf 91' lang='lat' dir='ltr'>selus</span> <span class='ocrx_word' id='word_1_85' title='bbox 1065 1341 1094 1400; x_wconf 81' lang='lat' dir='ltr'><em>R</em></span> <span class='ocrx_word' id='word_1_86' title='bbox 1122 1343 1282 1418; x_wconf 85' lang='lat' dir='ltr'>genuinum</span> 
     </span>
     <span class='ocr_line' id='line_1_10' title="bbox 133 1440 1281 1520; baseline -0.002 -17"><span class='ocrx_word' id='word_1_87' title='bbox 133 1443 395 1516; x_wconf 66' lang='lat' dir='ltr'>conservaverit..</span> <span class='ocrx_word' id='word_1_88' title='bbox 432 1441 545 1512; x_wconf 84' lang='lat' dir='ltr'>Quibus</span> <span class='ocrx_word' id='word_1_89' title='bbox 567 1447 667 1500; x_wconf 88' lang='lat' dir='ltr'>tamen</span> <span class='ocrx_word' id='word_1_90' title='bbox 690 1440 866 1520; x_wconf 82' lang='lat' dir='ltr'>prudentior</span> <span class='ocrx_word' id='word_1_91' title='bbox 889 1441 1009 1500; x_wconf 85' lang='lat' dir='ltr'>Servius</span> <span class='ocrx_word' id='word_1_92' title='bbox 1036 1441 1081 1502; x_wconf 90' lang='lat' dir='ltr'>vel</span> <span class='ocrx_word' id='word_1_93' title='bbox 1111 1443 1136 1501; x_wconf 92' lang='lat' dir='ltr'>is</span> <span class='ocrx_word' id='word_1_94' title='bbox 1167 1444 1218 1518; x_wconf 89' lang='lat' dir='ltr'>qui</span> <span class='ocrx_word' id='word_1_95' title='bbox 1246 1442 1281 1502; x_wconf 91' lang='lat' dir='ltr'>ad</span> 
     </span>
     <span class='ocr_line' id='line_1_11' title="bbox 133 1539 1281 1629; baseline 0.004 -29"><span class='ocrx_word' id='word_1_96' title='bbox 133 1561 158 1602; x_wconf 91' lang='lat' dir='ltr'>v.</span> <span class='ocrx_word' id='word_1_97' title='bbox 182 1539 246 1629; x_wconf 82' lang='lat'>603</span> <span class='ocrx_word' id='word_1_98' title='bbox 269 1543 385 1604; x_wconf 86' lang='lat' dir='ltr'>Tantali</span> <span class='ocrx_word' id='word_1_99' title='bbox 408 1543 538 1603; x_wconf 82' lang='lat' dir='ltr'>fabulam</span> <span class='ocrx_word' id='word_1_100' title='bbox 561 1543 691 1603; x_wconf 88' lang='lat' dir='ltr'>narravit</span> <span class='ocrx_word' id='word_1_101' title='bbox 714 1541 791 1620; x_wconf 87' lang='lat' dir='ltr'>(nam</span> <span class='ocrx_word' id='word_1_102' title='bbox 809 1544 905 1602; x_wconf 87' lang='lat' dir='ltr'>heron</span> <span class='ocrx_word' id='word_1_103' title='bbox 929 1542 964 1602; x_wconf 90' lang='lat' dir='ltr'>ad</span> <span class='ocrx_word' id='word_1_104' title='bbox 986 1543 1057 1603; x_wconf 90' lang='lat' dir='ltr'>llor.</span> <span class='ocrx_word' id='word_1_105' title='bbox 1082 1562 1171 1604; x_wconf 90' lang='lat' dir='ltr'>carm.</span> <span class='ocrx_word' id='word_1_106' title='bbox 1196 1545 1207 1604; x_wconf 96' lang='lat' dir='ltr'>l</span> <span class='ocrx_word' id='word_1_107' title='bbox 1230 1542 1281 1613; x_wconf 82' lang='lat'>28,</span> 
     </span>
     <span class='ocr_line' id='line_1_12' title="bbox 134 1642 1281 1724; baseline 0.001 -20"><span class='ocrx_word' id='word_1_108' title='bbox 134 1642 373 1724; x_wconf 75' lang='lat' dir='ltr'>‘linterpelatus</span> <span class='ocrx_word' id='word_1_109' title='bbox 396 1649 450 1722; x_wconf 87' lang='lat' dir='ltr'>est)</span> <span class='ocrx_word' id='word_1_110' title='bbox 474 1663 534 1705; x_wconf 95' lang='lat' dir='ltr'>non</span> <span class='ocrx_word' id='word_1_111' title='bbox 559 1643 771 1704; x_wconf 87' lang='lat' dir='ltr'>dubitaverunt</span> <span class='ocrx_word' id='word_1_112' title='bbox 791 1645 863 1723; x_wconf 89' lang='lat' dir='ltr'>quin</span> <span class='ocrx_word' id='word_1_113' title='bbox 886 1643 977 1714; x_wconf 89' lang='lat' dir='ltr'>hunc,</span> <span class='ocrx_word' id='word_1_114' title='bbox 1002 1663 1060 1705; x_wconf 95' lang='lat' dir='ltr'>non</span> <span class='ocrx_word' id='word_1_115' title='bbox 1083 1646 1184 1705; x_wconf 86' lang='lat' dir='ltr'>lxiona</span> <span class='ocrx_word' id='word_1_116' title='bbox 1208 1647 1281 1706; x_wconf 91' lang='lat' dir='ltr'>Piri·</span> 
     </span>
     <span class='ocr_line' id='line_1_13' title="bbox 134 1745 1280 1827; baseline 0.003 -23"><span class='ocrx_word' id='word_1_117' title='bbox 134 1745 298 1823; x_wconf 88' lang='lat' dir='ltr'>thoumque</span> <span class='ocrx_word' id='word_1_118' title='bbox 322 1747 548 1824; x_wconf 81' lang='lat' dir='ltr'>significavisset</span> <span class='ocrx_word' id='word_1_119' title='bbox 571 1745 726 1822; x_wconf 83' lang='lat' dir='ltr'>Vergilius,</span> <span class='ocrx_word' id='word_1_120' title='bbox 750 1763 806 1823; x_wconf 74' lang='lat' dir='ltr'>nec</span> <span class='ocrx_word' id='word_1_121' title='bbox 829 1747 951 1806; x_wconf 92' lang='lat' dir='ltr'>omnino</span> <span class='ocrx_word' id='word_1_122' title='bbox 974 1746 1185 1817; x_wconf 91' lang='lat' dir='ltr'>dubitandum,</span> <span class='ocrx_word' id='word_1_123' title='bbox 1210 1751 1280 1827; x_wconf 86' lang='lat' dir='ltr'>quin</span> 
     </span>
     <span class='ocr_line' id='line_1_14' title="bbox 134 1848 1282 1928; baseline 0.001 -22"><span class='ocrx_word' id='word_1_124' title='bbox 134 1848 284 1908; x_wconf 82' lang='lat' dir='ltr'>doctiores</span> <span class='ocrx_word' id='word_1_125' title='bbox 313 1858 444 1908; x_wconf 89' lang='lat' dir='ltr'>veterum</span> <span class='ocrx_word' id='word_1_126' title='bbox 472 1849 662 1926; x_wconf 86' lang='lat' dir='ltr'>interpretes,</span> <span class='ocrx_word' id='word_1_127' title='bbox 692 1848 807 1907; x_wconf 89' lang='lat' dir='ltr'>etiamsi</span> <span class='ocrx_word' id='word_1_128' title='bbox 835 1866 895 1907; x_wconf 93' lang='lat' dir='ltr'>non</span> <span class='ocrx_word' id='word_1_129' title='bbox 918 1849 1080 1925; x_wconf 79' lang='lat' dir='ltr'>integriora</span> <span class='ocrx_word' id='word_1_130' title='bbox 1109 1868 1197 1928; x_wconf 88' lang='lat' dir='ltr'>quam</span> <span class='ocrx_word' id='word_1_131' title='bbox 1226 1870 1282 1910; x_wconf 76' lang='lat' dir='ltr'>nes</span> 
     </span>
     <span class='ocr_line' id='line_1_15' title="bbox 134 1948 1279 2032; baseline 0.003 -25"><span class='ocrx_word' id='word_1_132' title='bbox 134 1948 271 2026; x_wconf 86' lang='lat' dir='ltr'>legerint,</span> <span class='ocrx_word' id='word_1_133' title='bbox 301 1956 382 2009; x_wconf 89' lang='lat' dir='ltr'>certa</span> <span class='ocrx_word' id='word_1_134' title='bbox 410 1951 579 2009; x_wconf 87' lang='lat' dir='ltr'>coniectura</span> <span class='ocrx_word' id='word_1_135' title='bbox 608 1949 688 2009; x_wconf 91' lang='lat' dir='ltr'>ducti</span> <span class='ocrx_word' id='word_1_136' title='bbox 715 1955 844 2008; x_wconf 91' lang='lat' dir='ltr'>mentem</span> <span class='ocrx_word' id='word_1_137' title='bbox 874 1957 979 2028; x_wconf 89' lang='lat' dir='ltr'>poetae</span> <span class='ocrx_word' id='word_1_138' title='bbox 1006 1952 1045 2009; x_wconf 90' lang='lat' dir='ltr'>ita</span> <span class='ocrx_word' id='word_1_139' title='bbox 1069 1951 1279 2032; x_wconf 77' lang='lat' dir='ltr'>suppleverint,</span> 
     </span>
     <span class='ocr_line' id='line_1_16' title="bbox 134 2050 1279 2129; baseline 0.001 -19"><span class='ocrx_word' id='word_1_140' title='bbox 134 2059 167 2110; x_wconf 87' lang='lat' dir='ltr'>ut</span> <span class='ocrx_word' id='word_1_141' title='bbox 188 2051 255 2129; x_wconf 93' lang='lat' dir='ltr'>ipso</span> <span class='ocrx_word' id='word_1_142' title='bbox 277 2052 361 2110; x_wconf 93' lang='lat' dir='ltr'>initio</span> <span class='ocrx_word' id='word_1_143' title='bbox 384 2051 474 2112; x_wconf 90' lang='lat' dir='ltr'>buius</span> <span class='ocrx_word' id='word_1_144' title='bbox 496 2050 554 2111; x_wconf 91' lang='lat' dir='ltr'>loci</span> <span class='ocrx_word' id='word_1_145' title='bbox 576 2057 702 2110; x_wconf 87' lang='lat' dir='ltr'>stantem</span> <span class='ocrx_word' id='word_1_146' title='bbox 727 2050 771 2110; x_wconf 89' lang='lat' dir='ltr'>vel</span> <span class='ocrx_word' id='word_1_147' title='bbox 793 2057 827 2110; x_wconf 93' lang='lat' dir='ltr'>ut</span> <span class='ocrx_word' id='word_1_148' title='bbox 849 2051 971 2111; x_wconf 88' lang='lat' dir='ltr'>Servius</span> <span class='ocrx_word' id='word_1_149' title='bbox 995 2051 1084 2112; x_wconf 86' lang='lat' dir='ltr'>tradit</span> <span class='ocrx_word' id='word_1_150' title='bbox 1105 2055 1133 2113; x_wconf 93' lang='lat' dir='ltr'>iu</span> <span class='ocrx_word' id='word_1_151' title='bbox 1151 2053 1279 2112; x_wconf 86' lang='lat' dir='ltr'>Eridano</span> 
     </span>
     <span class='ocr_line' id='line_1_17' title="bbox 135 2151 1280 2232; baseline 0.003 -21"><span class='ocrx_word' id='word_1_152' title='bbox 135 2151 177 2212; x_wconf 92' lang='lat' dir='ltr'>vel</span> <span class='ocrx_word' id='word_1_153' title='bbox 202 2152 553 2213; x_wconf 51' lang='lat' dir='ltr'>secundumtllomerum</span> <span class='ocrx_word' id='word_1_154' title='bbox 579 2153 610 2212; x_wconf 95' lang='lat' dir='ltr'>in</span> <span class='ocrx_word' id='word_1_155' title='bbox 634 2159 754 2230; x_wconf 83' lang='lat' dir='ltr'>stagno,</span> <span class='ocrx_word' id='word_1_156' title='bbox 785 2152 863 2232; x_wconf 90' lang='lat' dir='ltr'>quod</span> <span class='ocrx_word' id='word_1_157' title='bbox 887 2160 1020 2212; x_wconf 88' lang='lat' dir='ltr'>mentum</span> <span class='ocrx_word' id='word_1_158' title='bbox 1044 2155 1171 2214; x_wconf 89' lang='lat' dir='ltr'>sitientis</span> <span class='ocrx_word' id='word_1_159' title='bbox 1193 2157 1280 2214; x_wconf 87' lang='lat' dir='ltr'>attin·</span> 
     </span>
     <span class='ocr_line' id='line_1_18' title="bbox 133 2253 1279 2334; baseline 0.001 -20"><span class='ocrx_word' id='word_1_160' title='bbox 133 2260 226 2331; x_wconf 86' lang='lat' dir='ltr'>geret,</span> <span class='ocrx_word' id='word_1_161' title='bbox 250 2254 302 2315; x_wconf 90' lang='lat' dir='ltr'>sed</span> <span class='ocrx_word' id='word_1_162' title='bbox 327 2262 494 2334; x_wconf 86' lang='lat' dir='ltr'>captantem</span> <span class='ocrx_word' id='word_1_163' title='bbox 518 2253 747 2332; x_wconf 79' lang='lat' dir='ltr'>subterfugeret,</span> <span class='ocrx_word' id='word_1_164' title='bbox 772 2256 921 2332; x_wconf 70' lang='lat' dir='ltr'>expressis</span> <span class='ocrx_word' id='word_1_165' title='bbox 944 2255 1042 2314; x_wconf 92' lang='lat' dir='ltr'>verbis</span> <span class='ocrx_word' id='word_1_166' title='bbox 1065 2274 1279 2315; x_wconf 87' lang='lat' dir='ltr'>commemora·</span> 
     </span>
     <span class='ocr_line' id='line_1_19' title="bbox 134 2355 1282 2435; baseline 0.002 -21"><span class='ocrx_word' id='word_1_167' title='bbox 134 2364 233 2416; x_wconf 93' lang='lat' dir='ltr'>turum</span> <span class='ocrx_word' id='word_1_168' title='bbox 255 2355 348 2416; x_wconf 89' lang='lat' dir='ltr'>luisse</span> <span class='ocrx_word' id='word_1_169' title='bbox 371 2364 489 2434; x_wconf 89' lang='lat' dir='ltr'>poetam</span> <span class='ocrx_word' id='word_1_170' title='bbox 520 2363 693 2416; x_wconf 87' lang='lat' dir='ltr'>statuerent.</span> <span class='ocrx_word' id='word_1_171' title='bbox 745 2355 884 2416; x_wconf 85' lang='lat' dir='ltr'>Ceterum</span> <span class='ocrx_word' id='word_1_172' title='bbox 907 2355 1061 2434; x_wconf 88' lang='lat' dir='ltr'>Lapithas,</span> <span class='ocrx_word' id='word_1_173' title='bbox 1092 2375 1166 2435; x_wconf 84' lang='lat' dir='ltr'>quos</span> <span class='ocrx_word' id='word_1_174' title='bbox 1195 2361 1282 2417; x_wconf 85' lang='lat' dir='ltr'>uncis</span> 
     </span>
     <span class='ocr_line' id='line_1_20' title="bbox 135 2457 1281 2538; baseline 0.002 -22"><span class='ocrx_word' id='word_1_175' title='bbox 135 2457 335 2527; x_wconf 87' lang='lat' dir='ltr'>circumclusi,</span> <span class='ocrx_word' id='word_1_176' title='bbox 360 2457 445 2517; x_wconf 88' lang='lat' dir='ltr'>laeile</span> <span class='ocrx_word' id='word_1_177' title='bbox 469 2457 630 2518; x_wconf 87' lang='lat' dir='ltr'>concedam</span> <span class='ocrx_word' id='word_1_178' title='bbox 655 2465 806 2536; x_wconf 87' lang='lat' dir='ltr'>separatos</span> <span class='ocrx_word' id='word_1_179' title='bbox 834 2477 849 2517; x_wconf 93' lang='lat' dir='ltr'>a</span> <span class='ocrx_word' id='word_1_180' title='bbox 879 2457 961 2517; x_wconf 89' lang='lat' dir='ltr'>silice</span> <span class='ocrx_word' id='word_1_181' title='bbox 991 2458 1145 2538; x_wconf 85' lang='lat' dir='ltr'>epulisque</span> <span class='ocrx_word' id='word_1_182' title='bbox 1172 2478 1226 2538; x_wconf 87' lang='lat' dir='ltr'>per</span> <span class='ocrx_word' id='word_1_183' title='bbox 1249 2479 1281 2518; x_wconf 86' lang='lat' dir='ltr'>se</span> 
     </span>
     <span class='ocr_line' id='line_1_21' title="bbox 133 2558 1280 2640; baseline 0.002 -21"><span class='ocrx_word' id='word_1_184' title='bbox 133 2558 206 2620; x_wconf 91' lang='lat' dir='ltr'>nihil</span> <span class='ocrx_word' id='word_1_185' title='bbox 234 2558 346 2620; x_wconf 89' lang='lat' dir='ltr'>habere</span> <span class='ocrx_word' id='word_1_186' title='bbox 373 2578 432 2638; x_wconf 93' lang='lat' dir='ltr'>quo</span> <span class='ocrx_word' id='word_1_187' title='bbox 460 2559 650 2638; x_wconf 90' lang='lat' dir='ltr'>displiceant,</span> <span class='ocrx_word' id='word_1_188' title='bbox 687 2567 774 2637; x_wconf 89' lang='lat' dir='ltr'>atque</span> <span class='ocrx_word' id='word_1_189' title='bbox 809 2560 916 2620; x_wconf 90' lang='lat' dir='ltr'>horum</span> <span class='ocrx_word' id='word_1_190' title='bbox 945 2577 1064 2640; x_wconf 83' lang='lat' dir='ltr'>quoque</span> <span class='ocrx_word' id='word_1_191' title='bbox 1099 2563 1280 2621; x_wconf 90' lang='lat' dir='ltr'>mentionem</span> 
     </span>
     <span class='ocr_line' id='line_1_22' title="bbox 134 2660 1281 2740; baseline 0.001 -20"><span class='ocrx_word' id='word_1_192' title='bbox 134 2661 222 2740; x_wconf 89' lang='lat' dir='ltr'>paulo</span> <span class='ocrx_word' id='word_1_193' title='bbox 246 2660 430 2740; x_wconf 90' lang='lat' dir='ltr'>splendidius</span> <span class='ocrx_word' id='word_1_194' title='bbox 453 2662 579 2721; x_wconf 81' lang='lat' dir='ltr'>tortasse</span> <span class='ocrx_word' id='word_1_195' title='bbox 600 2663 661 2721; x_wconf 91' lang='lat' dir='ltr'>sive</span> <span class='ocrx_word' id='word_1_196' title='bbox 685 2669 896 2722; x_wconf 83' lang='lat' dir='ltr'>exornaturnm</span> <span class='ocrx_word' id='word_1_197' title='bbox 919 2663 1012 2723; x_wconf 88' lang='lat' dir='ltr'>luisse</span> <span class='ocrx_word' id='word_1_198' title='bbox 1036 2663 1197 2740; x_wconf 81' lang='lat' dir='ltr'>Vergilium</span> <span class='ocrx_word' id='word_1_199' title='bbox 1220 2665 1281 2722; x_wconf 86' lang='lat' dir='ltr'>sive</span> 
     </span>
     <span class='ocr_line' id='line_1_23' title="bbox 133 2761 1279 2842; baseline 0.002 -19"><span class='ocrx_word' id='word_1_200' title='bbox 133 2765 162 2823; x_wconf 92' lang='lat' dir='ltr'>in</span> <span class='ocrx_word' id='word_1_201' title='bbox 185 2761 294 2823; x_wconf 86' lang='lat' dir='ltr'>scheda</span> <span class='ocrx_word' id='word_1_202' title='bbox 318 2763 444 2841; x_wconf 87' lang='lat' dir='ltr'>quadam</span> <span class='ocrx_word' id='word_1_203' title='bbox 467 2762 620 2842; x_wconf 90' lang='lat' dir='ltr'>deperdita</span> <span class='ocrx_word' id='word_1_204' title='bbox 644 2765 842 2824; x_wconf 83' lang='lat' dir='ltr'>exornavisse.</span> <span class='ocrx_word' id='word_1_205' title='bbox 863 2765 970 2841; x_wconf 20' lang='lat' dir='ltr'>*Aptius</span> <span class='ocrx_word' id='word_1_206' title='bbox 994 2775 1089 2824; x_wconf 88' lang='lat' dir='ltr'>tamen</span> <span class='ocrx_word' id='word_1_207' title='bbox 1113 2765 1187 2825; x_wconf 83' lang='lat' dir='ltr'>intra</span> <span class='ocrx_word' id='word_1_208' title='bbox 1212 2784 1279 2826; x_wconf 85' lang='lat' dir='ltr'>eum</span> 
     </span>
     <span class='ocr_line' id='line_1_24' title="bbox 134 2862 1279 2944; baseline 0.002 -20"><span class='ocrx_word' id='word_1_209' title='bbox 134 2864 245 2939; x_wconf 85' lang='lat' dir='ltr'>&#39;lhesei</span> <span class='ocrx_word' id='word_1_210' title='bbox 267 2867 411 2925; x_wconf 87' lang='lat' dir='ltr'>memoria</span> <span class='ocrx_word' id='word_1_211' title='bbox 436 2864 472 2942; x_wconf 85' lang='lat' dir='ltr'>(v.</span> <span class='ocrx_word' id='word_1_212' title='bbox 488 2862 560 2944; x_wconf 88' lang='grc'>618)</span> <span class='ocrx_word' id='word_1_213' title='bbox 585 2872 614 2924; x_wconf 86' lang='grc'>61</span> <span class='ocrx_word' id='word_1_214' title='bbox 629 2864 770 2943; x_wconf 82' lang='lat' dir='ltr'>Lapithae</span> <span class='ocrx_word' id='word_1_215' title='bbox 794 2873 823 2925; x_wconf 88' lang='lat' dir='ltr'>et</span> <span class='ocrx_word' id='word_1_216' title='bbox 837 2866 987 2925; x_wconf 84' lang='lat' dir='ltr'>Pirithous</span> <span class='ocrx_word' id='word_1_217' title='bbox 1010 2866 1279 2944; x_wconf 84' lang='lat' dir='ltr'>coniungebantur.</span> 
     </span>
     <span class='ocr_line' id='line_1_25' title="bbox 133 2965 1278 3048; baseline 0.001 -21"><span class='ocrx_word' id='word_1_218' title='bbox 133 2967 207 3027; x_wconf 90' lang='lat' dir='ltr'>Nam</span> <span class='ocrx_word' id='word_1_219' title='bbox 236 2967 347 3027; x_wconf 85' lang='lat' dir='ltr'>lxionis</span> <span class='ocrx_word' id='word_1_220' title='bbox 381 2985 497 3046; x_wconf 89' lang='lat' dir='ltr'>quoque</span> <span class='ocrx_word' id='word_1_221' title='bbox 530 2985 626 3046; x_wconf 89' lang='lat' dir='ltr'>poena</span> <span class='ocrx_word' id='word_1_222' title='bbox 659 2969 724 3045; x_wconf 91' lang='lat' dir='ltr'>ipso</span> <span class='ocrx_word' id='word_1_223' title='bbox 759 2967 825 3028; x_wconf 93' lang='lat' dir='ltr'>loco</span> <span class='ocrx_word' id='word_1_224' title='bbox 855 2968 890 3048; x_wconf 92' lang='lat' dir='ltr'>(v.</span> <span class='ocrx_word' id='word_1_225' title='bbox 914 2965 987 3045; x_wconf 84' lang='grc'>616)</span> <span class='ocrx_word' id='word_1_226' title='bbox 1018 2970 1148 3045; x_wconf 85' lang='lat' dir='ltr'>tangitur</span> <span class='ocrx_word' id='word_1_227' title='bbox 1176 2986 1278 3046; x_wconf 63' lang='grc'>(11611-</span> 
     </span>
     <span class='ocr_line' id='line_1_26' title="bbox 132 3069 1197 3148; baseline -0.001 -19"><span class='ocrx_word' id='word_1_228' title='bbox 132 3087 223 3148; x_wconf 90' lang='lat' dir='ltr'>qnam</span> <span class='ocrx_word' id='word_1_229' title='bbox 247 3071 369 3128; x_wconf 92' lang='lat' dir='ltr'>nomine</span> <span class='ocrx_word' id='word_1_230' title='bbox 393 3071 519 3129; x_wconf 89' lang='lat' dir='ltr'>omisso:</span> <span class='ocrx_word' id='word_1_231' title='bbox 545 3069 711 3147; x_wconf 77' lang='lat' dir='ltr'>‘radiisque</span> <span class='ocrx_word' id='word_1_232' title='bbox 734 3077 866 3130; x_wconf 89' lang='lat' dir='ltr'>rotarum</span> <span class='ocrx_word' id='word_1_233' title='bbox 889 3070 1015 3130; x_wconf 87' lang='lat' dir='ltr'>districti</span> <span class='ocrx_word' id='word_1_234' title='bbox 1038 3070 1197 3148; x_wconf 61' lang='lat' dir='ltr'>pendent)</span> 
     </span>
    </p>

    <p class='ocr_par' dir='ltr' id='par_1_3' title="bbox 131 3169 1281 3743">
     <span class='ocr_line' id='line_1_27' title="bbox 218 3169 1281 3256; baseline 0 -24"><span class='ocrx_word' id='word_1_235' title='bbox 218 3169 329 3232; x_wconf 82' lang='lat' dir='ltr'>Contra¹</span> <span class='ocrx_word' id='word_1_236' title='bbox 365 3173 444 3230; x_wconf 90' lang='lat' dir='ltr'>inter</span> <span class='ocrx_word' id='word_1_237' title='bbox 479 3169 655 3256; x_wconf 85' lang='lat' dir='ltr'>tabellarum</span> <span class='ocrx_word' id='word_1_238' title='bbox 685 3172 812 3249; x_wconf 91' lang='lat' dir='ltr'>ineptias</span> <span class='ocrx_word' id='word_1_239' title='bbox 837 3173 937 3232; x_wconf 81' lang='lat' dir='ltr'>resero</span> <span class='ocrx_word' id='word_1_240' title='bbox 972 3173 1049 3250; x_wconf 79' lang='lat' dir='ltr'>quod</span> <span class='ocrx_word' id='word_1_241' title='bbox 1079 3172 1147 3231; x_wconf 88' lang='lat' dir='ltr'>dum</span> <span class='ocrx_word' id='word_1_242' title='bbox 1176 3174 1281 3232; x_wconf 90' lang='lat' dir='ltr'>recitat</span> 
     </span>
     <span class='ocr_line' id='line_1_28' title="bbox 134 3269 1280 3352; baseline 0.001 -19"><span class='ocrx_word' id='word_1_243' title='bbox 134 3282 220 3352; x_wconf 89' lang='lat' dir='ltr'>poeta</span> <span class='ocrx_word' id='word_1_244' title='bbox 245 3273 304 3334; x_wconf 91' lang='lat' dir='ltr'>duo</span> <span class='ocrx_word' id='word_1_245' title='bbox 326 3271 512 3334; x_wconf 88' lang='lat' dir='ltr'>hemistichia</span> <span class='ocrx_word' id='word_1_246' title='bbox 538 3269 599 3333; x_wconf 83' lang='lat'>164</span> <span class='ocrx_word' id='word_1_247' title='bbox 626 3272 702 3351; x_wconf 80' lang='lat' dir='ltr'>‘quo</span> <span class='ocrx_word' id='word_1_248' title='bbox 729 3291 789 3334; x_wconf 93' lang='lat' dir='ltr'>non</span> <span class='ocrx_word' id='word_1_249' title='bbox 818 3275 1017 3352; x_wconf 87' lang='lat' dir='ltr'>praestantior</span> <span class='ocrx_word' id='word_1_250' title='bbox 1046 3274 1136 3333; x_wconf 87' lang='lat' dir='ltr'>alter’</span> <span class='ocrx_word' id='word_1_251' title='bbox 1167 3271 1280 3334; x_wconf 83' lang='grc'>61165</span> 
     </span>
     <span class='ocr_line' id='line_1_29' title="bbox 133 3374 1279 3454; baseline 0 -18"><span class='ocrx_word' id='word_1_252' title='bbox 133 3376 336 3454; x_wconf 79' lang='lat' dir='ltr'>‘Martemque</span> <span class='ocrx_word' id='word_1_253' title='bbox 359 3375 523 3435; x_wconf 88' lang='lat' dir='ltr'>accendere</span> <span class='ocrx_word' id='word_1_254' title='bbox 547 3380 652 3436; x_wconf 83' lang='lat' dir='ltr'>caritu&#39;</span> <span class='ocrx_word' id='word_1_255' title='bbox 677 3374 774 3434; x_wconf 89' lang='lat' dir='ltr'>calore</span> <span class='ocrx_word' id='word_1_256' title='bbox 798 3376 892 3436; x_wconf 90' lang='lat' dir='ltr'>elatus</span> <span class='ocrx_word' id='word_1_257' title='bbox 916 3375 1100 3454; x_wconf 82' lang='lat' dir='ltr'>supplevisse</span> <span class='ocrx_word' id='word_1_258' title='bbox 1123 3377 1279 3454; x_wconf 83' lang='lat' dir='ltr'>statimque</span> 
     </span>
     <span class='ocr_line' id='line_1_30' title="bbox 133 3474 1277 3556; baseline -0.001 -19"><span class='ocrx_word' id='word_1_259' title='bbox 133 3478 273 3538; x_wconf 93' lang='lat' dir='ltr'>volumini</span> <span class='ocrx_word' id='word_1_260' title='bbox 296 3477 492 3556; x_wconf 88' lang='lat' dir='ltr'>adscripsisse</span> <span class='ocrx_word' id='word_1_261' title='bbox 515 3478 610 3538; x_wconf 88' lang='lat' dir='ltr'>lertur</span> <span class='ocrx_word' id='word_1_262' title='bbox 632 3477 772 3554; x_wconf 82' lang='lat' dir='ltr'>(bonatus</span> <span class='ocrx_word' id='word_1_263' title='bbox 794 3497 822 3556; x_wconf 94' lang='lat' dir='ltr'>p.</span> <span class='ocrx_word' id='word_1_264' title='bbox 840 3474 881 3538; x_wconf 79' lang='grc'>62</span> <span class='ocrx_word' id='word_1_265' title='bbox 904 3479 1025 3537; x_wconf 85' lang='lat' dir='ltr'>Servius</span> <span class='ocrx_word' id='word_1_266' title='bbox 1040 3481 1111 3539; x_wconf 79' lang='grc'>161.</span> <span class='ocrx_word' id='word_1_267' title='bbox 1137 3477 1172 3536; x_wconf 87' lang='lat' dir='ltr'>Vl</span> <span class='ocrx_word' id='word_1_268' title='bbox 1196 3474 1277 3556; x_wconf 79' lang='lat'>165).</span> 
     </span>
     <span class='ocr_line' id='line_1_31' title="bbox 132 3579 1278 3660; baseline -0.001 -21"><span class='ocrx_word' id='word_1_269' title='bbox 132 3580 241 3640; x_wconf 90' lang='lat' dir='ltr'>Parum</span> <span class='ocrx_word' id='word_1_270' title='bbox 262 3581 344 3640; x_wconf 80' lang='lat' dir='ltr'>‘enim</span> <span class='ocrx_word' id='word_1_271' title='bbox 369 3579 528 3640; x_wconf 87' lang='lat' dir='ltr'>verisimile</span> <span class='ocrx_word' id='word_1_272' title='bbox 550 3587 668 3660; x_wconf 90' lang='lat' dir='ltr'>poetam</span> <span class='ocrx_word' id='word_1_273' title='bbox 700 3581 732 3639; x_wconf 91' lang='lat' dir='ltr'>in</span> <span class='ocrx_word' id='word_1_274' title='bbox 761 3579 878 3640; x_wconf 92' lang='lat' dir='ltr'>schedis</span> <span class='ocrx_word' id='word_1_275' title='bbox 908 3597 997 3640; x_wconf 91' lang='lat' dir='ltr'>sensu</span> <span class='ocrx_word' id='word_1_276' title='bbox 1027 3581 1165 3640; x_wconf 89' lang='lat' dir='ltr'>destituta</span> <span class='ocrx_word' id='word_1_277' title='bbox 1187 3588 1215 3639; x_wconf 89' lang='grc'>61</span> <span class='ocrx_word' id='word_1_278' title='bbox 1238 3579 1278 3638; x_wconf 88' lang='lat' dir='ltr'>la-</span> 
     </span>
     <span class='ocr_line' id='line_1_32' title="bbox 131 3681 294 3743; baseline 0 -1"><span class='ocrx_word' id='word_1_279' title='bbox 131 3701 197 3742; x_wconf 87' lang='lat' dir='ltr'>cera</span> <span class='ocrx_word' id='word_1_280' title='bbox 220 3681 294 3743; x_wconf 88' lang='lat' dir='ltr'>haec</span> 
     </span>
    </p>
   </div>
   <div class='ocr_carea' id='block_1_3' title="bbox 548 3839 831 3983">
    <p class='ocr_par' dir='ltr' id='par_1_4' title="bbox 548 3839 831 3983">
     <span class='ocr_line' id='line_1_33' title="bbox 548 3839 831 3898; baseline 0.004 -2"><span class='ocrx_word' id='word_1_281' title='bbox 548 3839 679 3898; x_wconf 87' lang='lat' dir='ltr'>Misenum</span> <span class='ocrx_word' id='word_1_282' title='bbox 701 3841 831 3897; x_wconf 81' lang='lat' dir='ltr'>Aeoliden</span> 
     </span>
     <span class='ocr_line' id='line_1_34' title="bbox 550 3929 800 3983; baseline 0 -1"><span class='ocrx_word' id='word_1_283' title='bbox 550 3943 611 3982; x_wconf 87' lang='lat' dir='ltr'>aere</span> <span class='ocrx_word' id='word_1_284' title='bbox 634 3929 705 3983; x_wconf 91' lang='lat' dir='ltr'>ciere</span> <span class='ocrx_word' id='word_1_285' title='bbox 729 3929 800 3983; x_wconf 90' lang='lat' dir='ltr'>viros</span> 
     </span>
    </p>
   </div>
   <div class='ocr_carea' id='block_1_4' title="bbox 131 4073 1276 4566">
    <p class='ocr_par' dir='ltr' id='par_1_5' title="bbox 131 4073 1276 4566">
     <span class='ocr_line' id='line_1_35' title="bbox 131 4073 1275 4157; baseline -0.001 -20"><span class='ocrx_word' id='word_1_286' title='bbox 131 4075 286 4157; x_wconf 87' lang='lat' dir='ltr'>reliquisse</span> <span class='ocrx_word' id='word_1_287' title='bbox 310 4094 367 4138; x_wconf 90' lang='lat' dir='ltr'>nec</span> <span class='ocrx_word' id='word_1_288' title='bbox 388 4083 448 4136; x_wconf 90' lang='lat' dir='ltr'>tam</span> <span class='ocrx_word' id='word_1_289' title='bbox 472 4075 591 4136; x_wconf 88' lang='lat' dir='ltr'>dillioile</span> <span class='ocrx_word' id='word_1_290' title='bbox 613 4078 734 4138; x_wconf 89' lang='lat' dir='ltr'>inventu</span> <span class='ocrx_word' id='word_1_291' title='bbox 749 4078 832 4156; x_wconf 90' lang='lat' dir='ltr'>prius</span> <span class='ocrx_word' id='word_1_292' title='bbox 848 4073 952 4136; x_wconf 88' lang='lat' dir='ltr'>saltem</span> <span class='ocrx_word' id='word_1_293' title='bbox 969 4074 1188 4137; x_wconf 89' lang='lat' dir='ltr'>hemistichium</span> <span class='ocrx_word' id='word_1_294' title='bbox 1206 4073 1275 4146; x_wconf 76' lang='grc'>164,</span> 
     </span>
     <span class='ocr_line' id='line_1_36' title="bbox 132 4179 1276 4258; baseline -0.001 -19"><span class='ocrx_word' id='word_1_295' title='bbox 132 4189 164 4240; x_wconf 93' lang='lat' dir='ltr'>ut</span> <span class='ocrx_word' id='word_1_296' title='bbox 187 4199 257 4242; x_wconf 89' lang='lat' dir='ltr'>raro</span> <span class='ocrx_word' id='word_1_297' title='bbox 281 4179 393 4256; x_wconf 86' lang='lat' dir='ltr'>ingenii</span> <span class='ocrx_word' id='word_1_298' title='bbox 416 4181 527 4256; x_wconf 91' lang='lat' dir='ltr'>impetu</span> <span class='ocrx_word' id='word_1_299' title='bbox 550 4179 686 4240; x_wconf 86' lang='lat' dir='ltr'>videatur</span> <span class='ocrx_word' id='word_1_300' title='bbox 709 4199 785 4258; x_wconf 90' lang='lat' dir='ltr'>opus</span> <span class='ocrx_word' id='word_1_301' title='bbox 808 4181 908 4240; x_wconf 85' lang='lat' dir='ltr'>inisse.</span> <span class='ocrx_word' id='word_1_302' title='bbox 925 4179 1013 4250; x_wconf 79' lang='lat' dir='ltr'>-Ouid</span> <span class='ocrx_word' id='word_1_303' title='bbox 1038 4180 1115 4258; x_wconf 71' lang='lat' dir='ltr'>(pared</span> <span class='ocrx_word' id='word_1_304' title='bbox 1139 4182 1204 4258; x_wconf 91' lang='lat' dir='ltr'>ipsc</span> <span class='ocrx_word' id='word_1_305' title='bbox 1220 4181 1276 4240; x_wconf 84' lang='lat' dir='ltr'>lto-</span> 
     </span>
     <span class='ocr_line' id='line_1_37' title="bbox 131 4278 1276 4360; baseline -0.002 -20"><span class='ocrx_word' id='word_1_306' title='bbox 131 4289 220 4342; x_wconf 91' lang='lat' dir='ltr'>natus</span> <span class='ocrx_word' id='word_1_307' title='bbox 243 4301 270 4360; x_wconf 93' lang='lat' dir='ltr'>p.</span> <span class='ocrx_word' id='word_1_308' title='bbox 295 4279 345 4351; x_wconf 87' lang='grc'>64,</span> <span class='ocrx_word' id='word_1_309' title='bbox 372 4278 412 4341; x_wconf 83' lang='lat' dir='ltr'>lo</span> <span class='ocrx_word' id='word_1_310' title='bbox 434 4282 577 4352; x_wconf 84' lang='lat' dir='ltr'>adfirmat,</span> <span class='ocrx_word' id='word_1_311' title='bbox 608 4283 704 4341; x_wconf 90' lang='lat' dir='ltr'>omnia</span> <span class='ocrx_word' id='word_1_312' title='bbox 728 4285 790 4342; x_wconf 89' lang='lat' dir='ltr'>lere</span> <span class='ocrx_word' id='word_1_313' title='bbox 812 4284 843 4344; x_wconf 90' lang='lat' dir='ltr'>in</span> <span class='ocrx_word' id='word_1_314' title='bbox 865 4282 995 4343; x_wconf 83' lang='lat' dir='ltr'>Aerrmde</span> <span class='ocrx_word' id='word_1_315' title='bbox 1018 4281 1201 4342; x_wconf 82' lang='lat' dir='ltr'>hemistichia</span> <span class='ocrx_word' id='word_1_316' title='bbox 1225 4281 1276 4340; x_wconf 93' lang='lat' dir='ltr'>ab·</span> 
     </span>
     <span class='ocr_line' id='line_1_38' title="bbox 131 4381 1274 4468; baseline -0.003 -25"><span class='ocrx_word' id='word_1_317' title='bbox 131 4381 228 4444; x_wconf 91' lang='lat' dir='ltr'>soluto</span> <span class='ocrx_word' id='word_1_318' title='bbox 252 4385 444 4462; x_wconf 84' lang='lat' dir='ltr'>perlectoque</span> <span class='ocrx_word' id='word_1_319' title='bbox 475 4402 564 4444; x_wconf 88' lang='lat' dir='ltr'>sensu</span> <span class='ocrx_word' id='word_1_320' title='bbox 597 4403 662 4442; x_wconf 89' lang='lat' dir='ltr'>esse</span> <span class='ocrx_word' id='word_1_321' title='bbox 690 4392 809 4468; x_wconf 80' lang='lat' dir='ltr'>praeter</span> <span class='ocrx_word' id='word_1_322' title='bbox 838 4404 926 4444; x_wconf 87' lang='lat' dir='ltr'>mmm</span> <span class='ocrx_word' id='word_1_323' title='bbox 957 4389 1059 4463; x_wconf 70' lang='lat' dir='ltr'>‘nivem</span> <span class='ocrx_word' id='word_1_324' title='bbox 1091 4381 1140 4442; x_wconf 91' lang='lat' dir='ltr'>tibi</span> <span class='ocrx_word' id='word_1_325' title='bbox 1170 4383 1274 4442; x_wconf 85' lang='lat' dir='ltr'>Troia’</span> 
     </span>
     <span class='ocr_line' id='line_1_39' title="bbox 131 4481 1273 4566; baseline 0 -22"><span class='ocrx_word' id='word_1_326' title='bbox 131 4481 276 4564; x_wconf 67' lang='grc'>1111340).</span> <span class='ocrx_word' id='word_1_327' title='bbox 301 4485 404 4566; x_wconf 90' lang='lat' dir='ltr'>ltaque</span> <span class='ocrx_word' id='word_1_328' title='bbox 421 4487 540 4546; x_wconf 87' lang='lat' dir='ltr'>Erotem</span> <span class='ocrx_word' id='word_1_329' title='bbox 561 4485 717 4547; x_wconf 90' lang='lat' dir='ltr'>librarium</span> <span class='ocrx_word' id='word_1_330' title='bbox 735 4495 763 4547; x_wconf 86' lang='lat' dir='ltr'>et</span> <span class='ocrx_word' id='word_1_331' title='bbox 780 4485 919 4547; x_wconf 89' lang='lat' dir='ltr'>libertmn</span> <span class='ocrx_word' id='word_1_332' title='bbox 936 4496 1050 4566; x_wconf 89' lang='lat' dir='ltr'>poetae,</span> <span class='ocrx_word' id='word_1_333' title='bbox 1068 4503 1154 4564; x_wconf 83' lang='lat' dir='ltr'>qtvem</span> <span class='ocrx_word' id='word_1_334' title='bbox 1173 4494 1273 4544; x_wconf 87' lang='lat' dir='ltr'>exacta</span> 
     </span>
    </p>
   </div>
   <div class='ocr_carea' id='block_1_5' title="bbox 0 0 1610 5042">
    <p class='ocr_par' dir='ltr' id='par_1_6' title="bbox 0 0 1610 5042">
     <span class='ocr_line' id='line_1_40' title="bbox 0 0 1610 5042; baseline 0 0"><span class='ocrx_word' id='word_1_335' title='bbox 0 0 1610 5042; x_wconf 95' lang='lat' dir='ltr'> </span> 
     </span>
    </p>
   </div>
  </div>
 </body>
</html>
