3212 5042
593 426 839 470 1001110111101.
1249 407 1288 470 19

140 591 260 654 ridaten
282 595 375 655 tuisse
398 597 573 675 accepisset,
596 597 643 658 his
663 595 763 658 verbis
783 615 855 658 usus
870 605 949 658 esset
964 596 1000 658 Ll
1018 593 1074 658 18:
1097 594 1157 658 καί
1175 615 1288 670 τινος

145 687 382 776 Τηριδοίτον
411 693 457 782 τῷ
480 691 619 780 Φραάτῃ
641 692 889 770 ἐπαναστάντος
912 719 942 761 τι.
965 719 994 760 τ.
1018 697 1048 760 t.
1100 699 1161 761 Nec
1184 700 1290 760 lustini

140 807 246 860 auctor
274 801 392 878 Trogus
420 803 657 881 consanguineos
685 801 824 864 habuisse
852 801 983 874 videtur,
1014 819 1082 862 nam
1110 801 1183 863 haec
1210 802 1289 882 apud

140 901 223 962 iilum
239 902 372 964 XXXXH
394 899 425 974 5,
448 901 638 983 dloguutur:
663 905 756 966 ‘hoc'
781 904 831 979 (sc.
847 901 1005 982 Phrahate)
1029 903 1171 966 ‘ahsente
1185 922 1288 984 regem

139 1005 245 1066 Parthi
270 1005 438 1067 Tiridatem
460 1009 611 1084 quendam
635 1009 868 1068 constituerant'
893 1026 918 1068 e.
943 1025 971 1085 q.
996 1026 1019 1068 s.
1045 1014 1075 1067 et
1096 1025 1181 1068 mox:
1212 1008 1289 1087 ‘quo

141 1107 261 1186 cognito
276 1107 441 1169 Phrahates
463 1108 576 1188 legatos
598 1111 696 1170 statim
719 1108 755 1169 ad
772 1108 927 1172 Caesarem
950 1109 1048 1178 mittit,
1071 1126 1189 1170 servum
1203 1126 1288 1170 suum

144 1208 311 1269 Tiridatem
334 1217 363 1270 et
386 1209 477 1272 tilium
499 1213 612 1273 remitti
635 1211 692 1273 sibi
713 1211 871 1291 postulat'.
902 1211 1004 1289 itaque
1027 1229 1082 1271 neo
1105 1209 1141 1271 ad
1164 1229 1288 1291 eaquae

140 1329 217 1371 anno
242 1307 356 1372 72410
380 1312 464 1393 Syria
488 1314 664 1376 Octavianus
687 1333 754 1375 cum
778 1314 894 1375 Parthis
923 1315 983 1393 egit
1006 1313 1069 1392 (Dio
1092 1312 1127 1373 Li
1153 1310 1201 1394 18)
1232 1330 1288 1374 nec

140 1412 176 1472 ad
199 1431 234 1472 ea
259 1415 388 1490 quaein
411 1423 515 1479 senatu
538 1414 692 1478 00110731
715 1411 874 1496 praesente
897 1417 962 1495 ipso
979 1414 1109 1476 Tiridate
1133 1422 1197 1476 acta
1219 1423 1288 1476 sunt

141 1515 204 1589 (1]10
234 1513 301 1575 Llll
330 1512 380 1595 33)
415 1519 523 1597 respici
557 1519 782 1580 adfirmaverim.
845 1518 966 1578 Fratres
1001 1516 1122 1596 quidem
1155 1518 1290 1578 novimus

140 1619 297 1678 Armenios
324 1620 471 1679 Artaxiam
502 1619 598 1700 (quern
624 1605 788 1682 Artabazen
811 1619 913 1680 Dionis
941 1618 1058 1682 codices
1084 1618 1161 1680 Lilli
1189 1615 1209 1679 9
1237 1638 1286 1699 ap-

139 1719 259 1800 pellant)
289 1728 324 1790 et
352 1721 522 1800 Tigranem,
556 1723 750 1793 Artavasdae,
788 1729 820 1784 ut
852 1713 970 1784 Tacitus
1004 1741 1080 1783 ann·
1106 1721 1132 1781 11
1163 1718 1184 1781 3
1215 1740 1285 1801 per·
1371 1773 1375 1785 ,

139 1821 230 1894 hibet,
261 1822 336 1884 tilios
358 1822 442 1894 ilios,
472 1842 598 1902 quorum
623 1825 749 1886 alterum
771 1833 804 1886 ut
827 1825 990 1905 expelleret
1017 1841 1127 1903 regno,
1158 1822 1286 1886 alterum

139 1927 325 1996 restitueret,
356 1925 510 1988 Tiberium
543 1927 579 1988 ab
603 1928 734 2007 Augusto
768 1946 845 1988 anno
870 1924 933 1988 734
959 1928 1084 1987 missum
1106 1926 1175 1997 Dio,
1210 1927 1286 1988 occi-

138 2047 202 2088 sum
245 2036 344 2089 autem
384 2047 439 2108 per
476 2029 576 2090 dolum
614 2032 865 2110 propinquorum,
904 2037 1063 2108 antequam
1096 2031 1126 2090 in
1161 2047 1286 2107 regnum

138 2131 284 2209 Tigranes
307 2130 452 2192 deductus
476 2133 527 2204 sit,
557 2134 707 2194 Artaxiam
730 2151 794 2194 esse
816 2133 937 2194 Tacitus
964 2139 1075 2193 narrat.
1126 2129 1183 2192 Sed
1213 2148 1285 2208 quo-

137 2233 217 2294 niam
240 2251 300 2293 una
323 2252 392 2294 cum
414 2240 500 2313 patre
522 2234 646 2312 aliisque
673 2236 854 2315 tratribustt
878 2235 1023 2314 Tigranes
1052 2251 1130 2294 anno
1158 2229 1221 2294 720
1249 2231 1286 2292 ah

137 2337 266 2397 Antonio
290 2343 394 2416 captus
416 2335 683 2415 Alexandriamque
704 2339 817 2417 primo,
847 2345 952 2417 postea
979 2343 1097 2397 mortuo
1119 2335 1247 2396 Antonio
1270 2353 1286 2394 a

139 2438 265 2500 Caesare
288 2437 414 2498 Romam
437 2438 582 2500 deductus
605 2447 658 2505 est,
681 2459 759 2500 anno
782 2447 881 2501 autem
904 2423 1286 2501 134111100000100-

138 2548 185 2601 tus
208 2559 276 2602 esse
300 2553 316 2600 a
339 2540 432 2602 Dione
455 2541 597 2612 traditur,
627 2561 665 2602 ne
687 2543 766 2603 inter
788 2542 843 2604 hos
871 2541 991 2622 quidem
1018 2543 1128 2602 iratres
1156 2541 1285 2620 flagrans

138 2643 287 2705 discordia
303 2643 433 2722 Vergilio
456 2641 504 2703 illa
529 2662 597 2712 cum
613 2633 768 2706 ¹scriberet
790 2643 926 2724 exemplo
942 2645 1036 2704 fuisse
1052 2651 1161 2724 potest.
1184 2643 1285 2721 itaque

138 2765 318 2826 quamquam
341 2764 401 2806 non
425 2763 511 2823 nego,
535 2765 625 2826 posse
648 2767 719 2808 suae
743 2749 846 2808 aetatis
861 2747 980 2808 dissidia
1005 2755 1034 2807 et
1054 2746 1225 2808 discrimina
1241 2752 1286 2806 sat

137 2847 229 2909 inulta
253 2849 281 2908 ei
305 2847 459 2908 obversata
482 2865 555 2918 esse,
574 2856 688 2925 tamen
710 2868 770 2910 non
798 2869 922 2929 possum
951 2851 1023 2930 quin
1051 2848 1169 2909 laudem
1197 2848 1285 2909 scho-

138 2950 253 3013 liastam
277 2949 558 3030 Guelferbytanum,
589 2953 640 3031 qui
669 2970 705 3012 ex
733 2951 841 3013 tabuiis
869 2952 1051 3012 Graecorum
1076 2950 1227 3012 Eteoclem
1256 2957 1286 3010 et
1345 2993 1347 2998 -
1437 2955 1439 2960 “

137 3051 299 3134 Polynicen
322 3054 502 3123 excitaverit,
528 3053 634 3133 quibus
657 3053 784 3116 alterum
800 3055 881 3116 Atrei
905 3061 934 3113 et
949 3054 1087 3135 Thyestis
1108 3072 1163 3133 par
1185 3050 1285 3113 nobile

137 3154 246 3216 addere
268 3162 396 3236 poterat.

221 3363 363 3424 Ceterum
386 3362 517 3422 nondum
540 3364 639 3424 omnia
661 3369 765 3442 pacata
789 3370 819 3422 et
840 3358 1284 3422 10110100111011011101111111

137 3465 386 3547 11000111011010
409 3483 484 3544 quae
507 3465 625 3525 tristitia
649 3462 721 3545 (539
744 3463 798 3544 sq.)
826 3465 955 3544 prodere
984 3465 1113 3534 videtur,
1145 3482 1218 3541 quae
1247 3463 1283 3523 ad

137 3569 205 3628 anni
229 3563 370 3646 tatum>
391 3567 520 3627 hiemem
544 3568 615 3628 satis
638 3567 859 3628 accommodata
883 3577 955 3629 erat.

139 3774 441 3781 ..ψ-

203 3911 230 3976 ²⁸)
249 3910 303 3960 Dio
322 3908 508 3960 XXXXVIIII
524 3912 558 3959 40
575 3905 626 3960 καὶ
644 3903 694 3959 τὸν
711 3899 853 3974 Ἀρμένιον
870 3903 943 3976 μετοῖ
962 3924 991 3960 τε
1005 3908 1055 3975 τῆς
1073 3899 1210 3977 γυναικὸς
1232 3906 1282 3959 καὶ

136 3991 206 4062 μετὰ
225 3994 341 4048 παίδων
365 3984 452 4062 ἄνων.
489 3995 525 4044 cf.
546 3981 647 4048 L1'16:
678 3993 716 4060 τῷ
736 3989 769 4045 δὲ
785 3986 900 4062 Ἀρτάξῃ
923 3989 991 4055 τούς
1009 3987 1155 4060 ἀδελφοὺς
1178 3994 1281 4058 καίπερ

136 4075 289 4150 οιίτήσαντι
309 4071 362 4131 οὐκ
381 4075 509 4148 ἔπεμψεν
535 4078 653 4144 (Caesar
674 4084 739 4146 post
761 4095 880 4146 pugnam
899 4077 1042 4130 Actiacam
1068 4085 1173 4129 mortuo
1197 4079 1281 4129 Anto-

136 4167 203 4235 nio),
219 4156 267 4219 Ιὅτι
286 4158 355 4226 τούς
374 4157 610 4232 ὑπολειφθέντας
626 4157 782 4232 Ῥωμαίονς
801 4158 831 4218 ε’ν
849 4164 883 4232 τῇ
901 4157 1026 4232 Ἀρμενίᾳ
1045 4155 1206 4217 οἷπεατόνει.
1239 4167 1281 4217 Io-

137 4254 237 4320 sephus
258 4254 346 4316 antiq.
365 4254 415 4302 XV
426 4254 452 4316 4,
471 4256 487 4304 3
504 4244 647 4320 Ἀρμενίας
660 4246 688 4300 d’
702 4243 885 4316 ἐβασίλευσεν
896 4244 1039 4316 Ἀρταξίας
1056 4245 1071 4302 ὁ
1089 4242 1282 4318 πρεσβύτατος

137 4337 192 4390 τῶν
211 4331 327 4390 ἐκείνου
346 4335 530 4404 (Artabazus)
549 4336 672 4401 παίδων,
694 4329 817 4402 διαδρὰς
836 4329 868 4389 ἐν
885 4335 924 4402 τῷ
941 4333 1018 4388 τότε·
1038 4334 1087 4388 καὶ
1106 4334 1210 4391 τοῦτον
1226 4327 1281 4400 Ἀρ-

136 4419 236 4489 χέλαος
254 4421 303 4473 καὶ
323 4420 426 4487 Νέρων
444 4425 556 4487 Καῖσαρ
575 4415 743 4488 ἐκβαλόντες
764 4414 910 4488 Τιγράνην
929 4416 979 4473 τὸν
997 4413 1135 4484 νεώτερον
1153 4411 1282 4484 ἀδελφὸν

136 4501 182 4560 ἐπὶ
200 4501 255 4576 τὴν
274 4506 422 4576 βασιλείαν
440 4501 613 4578 κατήγαγον.

1030 4589 1076 4652 2*
