3276 5050
308 361 369 425 102
746 385 992 428 enocucouunn.

304 558 382 614 terat
403 552 432 612 id
457 570 491 612 eo
520 550 595 620 libri¹
620 552 664 614 sui
691 552 757 613 loco
791 552 924 624 tradere,
959 553 1011 614 ubi
1033 553 1173 616 Aeneidis
1206 573 1266 614 non
1301 555 1451 634 perfectae

304 673 414 716 naevos
442 660 639 716 excusaturus
667 657 834 734 comparari
863 655 949 728 iussit
983 656 1090 734 quibus
1130 675 1299 735 supremam
1329 675 1455 728 manum.

304 759 449 836 inponere
471 755 603 817 licuisset
625 763 730 835 poetae
755 756 801 838 (cl.
824 755 935 819 Gellius
950 758 1028 819 XVll
1045 754 1093 826 10,
1110 754 1139 836 5)
1165 757 1298 818 bucolica
1320 758 1450 819 triennio

306 866 335 920 et
356 861 496 936 georgica
519 867 634 936 septem
657 859 742 920 annis
770 857 914 920 absoluta.
968 861 1042 922 Nam
1071 859 1144 921 haec
1172 860 1251 939 apud
1274 861 1449 944 Suetonium

304 980 333 1040 p.
356 957 399 1021 60
420 962 519 1022 statim
542 962 579 1021 de
600 961 739 1024 Aeneidis
761 961 931 1024 tibicinibus
955 970 984 1022 et
1007 963 1043 1022 de
1065 982 1153 1024 ursae
1176 981 1259 1023 more
1282 961 1379 1024 locum
1403 980 1449 1023 se-

305 1069 423 1132 cuntur,
447 1081 535 1142 quern
558 1062 594 1124 ad
616 1064 737 1124 Asconii
759 1066 967 1126 auctoritatem
990 1064 1100 1126 rettuli.

388 1167 492 1245 Aqua
515 1184 552 1226 ne
575 1167 728 1245 sequentia
750 1165 868 1244 quidem
893 1165 930 1226 de
958 1165 1164 1229 bucolicorum
1192 1186 1332 1230 successu
1355 1166 1450 1229 aliena

304 1274 383 1328 suut.
428 1267 489 1328 Nec
511 1268 620 1328 mirum
644 1268 667 1326 si
691 1268 779 1327 etiam
803 1267 840 1328 de
862 1267 1047 1346 singularum
1070 1267 1241 1347 eclogarum
1265 1277 1400 1349 ternpore
1422 1277 1452 1330 et

305 1349 461 1429 occasione
484 1386 561 1446 quae
583 1388 599 1428 a
621 1369 708 1430 honis
730 1370 904 1432 auctoribus
920 1377 1078 1458 acceperat
1092 1370 1202 1432 ibidem
1218 1373 1353 1434 inseruit.
1387 1373 1450 1444 Quo

304 1473 437 1550 pertinet
464 1470 558 1531 Servii
591 1470 628 1530 ad
661 1469 715 1532 ecl.
746 1469 798 1532 llll
830 1467 868 1531 12
902 1471 1067 1534 adnotatio:
1106 1473 1243 1552 ‘quidam
1266 1473 1449 1542 Saloninum,

306 1572 447 1633 Pollionis
469 1570 571 1642 tilium,
596 1574 759 1650 accipiunt,
783 1571 834 1632 alii
854 1573 986 1636 Asinium
1008 1573 1133 1643 Gallum,
1157 1575 1280 1636 tratrem
1306 1574 1448 1643 Salonini,

259 1663 261 1672 ’
307 1676 356 1752 qui
377 1675 462 1753 prius
484 1681 572 1735 natus
595 1681 647 1743 est,
671 1671 804 1734 Pollione
828 1675 950 1736 consule
973 1675 1136 1754 designato.
1181 1677 1325 1738 Asconius
1347 1676 1452 1738 Pedia·

307 1795 363 1837 nus
386 1794 402 1836 a
425 1774 508 1837 Gallo
538 1776 656 1837 audisse
684 1794 716 1836 se
743 1777 852 1847 relert,
888 1775 964 1839 hanc
992 1777 1125 1856 eclogam
1152 1779 1183 1838 in
1212 1761 1357 1840 bonorem
1387 1781 1453 1840 eius

307 1881 442 1939 lactam’
473 1877 591 1939 Asinius
607 1875 706 1938 Gallus
722 1896 800 1938 anno
823 1879 942 1940 demum
958 1877 1076 1962 787s33
1091 1881 1275 1950 interiectus,
1293 1888 1453 1960 postquam
1487 1953 1495 1961 .

257 1998 260 2006 ’
307 1988 368 2040 tres
391 1997 446 2058 per
470 1997 564 2042 annos
587 1980 660 2041 diris
683 1979 834 2041 custodiae
857 1981 1010 2060 suppliciis
1039 1963 1189 2044 cruciatus
1217 1991 1262 2044 est
1291 1982 1338 2062 (ci.
1360 1983 1455 2043 Taciti

307 2103 374 2145 ann.
399 2080 500 2146 v123
538 2082 655 2144 Cassius
678 2082 730 2143 Dio
753 2081 842 2145 LVlll
862 2081 892 2145 3.
915 2080 983 2163 23t:
1019 2101 1090 2160 ergo
1113 2103 1172 2144 non
1196 2084 1393 2146 dubitandum
1417 2083 1454 2144 de

307 2187 364 2246 nde
386 2185 491 2248 scholii
514 2185 657 2247 Serviani.
848 2199 850 2204 ·
1023 2213 1028 2219 ·

392 2288 452 2348 lam
476 2289 686 2365 castigatorum
714 2285 833 2368 illorum
864 2288 1086 2348 criminationes
1114 2287 1193 2349 unde
1222 2287 1308 2348 nohis
1336 2305 1455 2367 quoque

308 2381 493 2468 cognoscere
516 2389 603 2450 liceat
625 2391 877 2470 circumspicienti
899 2388 980 2465 larga
1002 2391 1032 2449 in
1061 2388 1182 2450 scholiis
1210 2391 1321 2450 nostris
1350 2409 1455 2450 eorum

308 2492 461 2561 locorum,
488 2497 565 2570 'quos
594 2495 733 2552 ‘notare'
763 2490 810 2551 vel
832 2489 1055 2568 reprehendere
1083 2491 1215 2552 ‘critici’
1245 2490 1382 2552 dicuntur
1411 2490 1475 2556 vel.

307 2593 361 2654 ubi
385 2595 526 2669 ‘quaeri'
552 2593 720 2662 adnotatur,
746 2593 831 2671 copia
854 2594 999 2670 suppetit,
1030 2612 1117 2672 quain
1142 2594 1197 2652 etsi
1219 2592 1353 2654 haustam
1372 2600 1456 2672 ‚puto

309 2714 346 2754 ex
376 2700 661 2762 commentatorum,
697 2695 749 2774 qui
783 2701 843 2754 tam
876 2711 1018 2754 accusare
1047 2713 1133 2774 quarn
1163 2713 1303 2756 excusare
1339 2702 1456 2774 poetam

215 2833 220 2843 ·
308 2797 440 2858 muneris
469 2797 514 2856 sui
543 2795 778 2864 arbitrabantur,
810 2815 846 2856 ex
873 2795 979 2874 Hygini
1008 2795 1074 2856 dico
1103 2795 1195 2857 Probi
1224 2798 1310 2874 Aspri
1333 2798 1457 2858 Cornuti
1505 2869 1508 2878 ,

308 2900 415 2960 Donati
438 2897 624 2977 aliorumque
647 2899 925 2976 grammaticorum,
955 2899 1006 2978 qui
1034 2900 1064 2958 in
1093 2898 1139 2958 his
1163 2898 1379 2976 elegantiarum
1403 2899 1456 2960 ho-

311 3003 424 3062 minum
448 2999 563 3061 deliciis
587 3001 790 3070 versabantur,
814 2999 947 3069 horreis,
971 3006 1070 3060 tamen
1092 3000 1148 3062 hos
1170 3003 1252 3080 ipsos
1274 3003 1457 3080 antiquiores

313 3104 415 3182 copias
438 3101 545 3163 adiisse
569 3101 613 3162 vel
637 3109 718 3164 certe
741 3101 878 3181 exemplo
908 3110 938 3161 et
959 3104 1136 3164 auctoritate
1158 3102 1277 3164 illorum
1300 3102 1405 3162 drictos
1428 3109 1458 3160 et

312 3206 456 3266 excitatos
480 3205 573 3266 luisse
595 3204 750 3282 probabile
766 3211 819 3265 est.
852 3203 913 3264 Nec
929 3203 1163 3282 neglegendum,
1189 3205 1224 3264 ad
1241 3205 1335 3283 ipsam
1351 3204 1457 3265 Aenei-

309 3305 495 3385 demlonge
523 3309 682 3368 maximam
715 3307 820 3368 haruin
854 3307 1040 3368 notationum
1070 3293 1185 3385 partem
1214 3311 1359 3385 spectare,
1384 3323 1459 3384 pau-⁴

310 3409 443 3469 cissimos
466 3408 624 3470 bucolicon
647 3416 677 3469 et
698 3410 860 3488 georgicon
882 3406 964 3468 locos
986 3410 1135 3486 temptari.

395 3510 527 3571 Fuerunt
550 3511 600 3589 qui
622 3510 657 3570 ad
680 3515 846 3586 georgicon
868 3511 881 3571 l
905 3505 964 3570 147
988 3511 1194 3587 quaestionem
1216 3518 1380 3580 moverent,
1405 3529 1459 3571 cur

311 3613 415 3680 Ceres,
439 3629 500 3672 non
523 3611 618 3673 Osiris
641 3611 685 3672 vel
701 3611 902 3691 Triptolemus
925 3619 1055 3674 aratrum
1078 3613 1226 3675 invenisse
1248 3613 1372 3674 dicatur.
1411 3613 1457 3674 ln·

312 3721 417 3793 crepat
439 3713 516 3792 apud
529 3712 709 3774 Macrobium
726 3713 896 3792 Euangelus
919 3722 1047 3793 poetam,
1073 3714 1151 3792 quod
1175 3733 1221 3792 ge.
1243 3715 1257 3774 l
1278 3711 1342 3775 344
1357 3714 1460 3776 Cereri

312 3815 400 3878 libari
422 3817 490 3876 vino
513 3817 608 3885 iussit,
631 3815 710 3895 quod
734 3815 872 3878 omnibus
888 3817 980 3877 sacris
995 3823 1118 3886 vetetur,
1142 3817 1189 3876 cui
1205 3815 1319 3876 diversa
1334 3834 1458 3895 respon·

314 3918 387 3978 dent
420 3912 627 3978 Praetextatus
668 3925 698 3978 et
735 3919 766 3978 in
812 3919 1026 3982 commentario
1061 3917 1189 3978 Servius.
1251 3917 1360 3978 Contra
1398 3935 1458 3987 eos,

313 4020 365 4098 qui
389 4018 567 4096 astrologiae
590 4020 725 4096 ignarum
748 4020 896 4090 dicebant,
921 4018 1061 4080 defensus
1083 4025 1128 4080 est
1150 4020 1358 4080 aMetrodoro
1380 4018 1460 4099 (Ser-

217 4149 221 4158 .
313 4121 378 4182 vius
401 4120 437 4182 ad
461 4121 536 4199 gel
557 4116 641 4198 230),
666 4123 717 4201 qui
739 4121 776 4182 de
798 4121 880 4182 zonis
902 4120 1006 4180 mundi
1021 4122 1152 4201 quinque
1167 4119 1260 4182 libros
1283 4124 1459 4201 composuit,

314 4222 406 4292 unde,-
431 4224 455 4284 ei
479 4222 568 4284 modo
599 4222 636 4282 de
659 4229 753 4284 aetate
775 4222 945 4302 philosophi
967 4221 1045 4284 illius
1067 4209 1154 4303 paulo
1177 4223 1287 4284 certius
1302 4231 1461 4294 constaret,

311 4331 342 4386 et
363 4323 454 4386 Probi
489 4326 733 4386 commentarium
763 4324 800 4391 ad
822 4341 869 4402 ge.
893 4324 906 4384 l
928 4319 990 4386 231
1015 4341 1080 4404 sqq.
1104 4324 1307 4386 doctissimum
1337 4331 1367 4386 et
1389 4325 1462 4390 Sue-

313 4427 390 4486 tonii
424 4427 454 4486 in
487 4431 575 4506 prato
609 4425 646 4486 de
678 4427 793 4488 naturis
826 4444 929 4488 rerum
964 4433 1053 4506 caput
1085 4423 1164 4503 (125
1201 4445 1231 4506 p.
1268 4423 1329 4490 195
1363 4409 1459 4490 hein.)
