<?xml version="1.0" encoding="UTF-8"?>
<!DOCTYPE html PUBLIC "-//W3C//DTD XHTML 1.0 Transitional//EN"
    "http://www.w3.org/TR/xhtml1/DTD/xhtml1-transitional.dtd">
<html xmlns="http://www.w3.org/1999/xhtml" xml:lang="en" lang="en">
 <head>
  <title>
</title>
<meta http-equiv="Content-Type" content="text/html;charset=utf-8" />
  <meta name='ocr-system' content='tesseract 3.04.00' />
  <meta name='ocr-capabilities' content='ocr_page ocr_carea ocr_par ocr_line ocrx_word'/>
</head>
<body>
  <div class='ocr_page' id='page_1' title='image "./pvergilimaronis02ribbgoog/pvergilimaronis02ribbgoog_0404.png"; bbox 0 0 3172 5038; ppageno 0'>
   <div class='ocr_carea' id='block_1_1' title="bbox 572 392 1266 466">
    <p class='ocr_par' dir='ltr' id='par_1_1' title="bbox 572 392 1266 466">
     <span class='ocr_line' id='line_1_1' title="bbox 572 392 1266 466; baseline -0.001 -8"><span class='ocrx_word' id='word_1_1' title='bbox 572 415 818 458; x_wconf 77' lang='lat' dir='ltr'><strong>Paoncconnun.</strong></span> <span class='ocrx_word' id='word_1_2' title='bbox 1067 456 1073 466; x_wconf 81' lang='grc'>,</span> <span class='ocrx_word' id='word_1_3' title='bbox 1203 392 1266 457; x_wconf 85' lang='grc'><strong>363</strong></span> 
     </span>
    </p>
   </div>
   <div class='ocr_carea' id='block_1_2' title="bbox 126 580 1300 2592">
    <p class='ocr_par' dir='ltr' id='par_1_2' title="bbox 126 580 1300 1058">
     <span class='ocr_line' id='line_1_2' title="bbox 209 580 1300 662; baseline -0.005 -15"><span class='ocrx_word' id='word_1_4' title='bbox 209 588 311 647; x_wconf 79' lang='lat' dir='ltr'><strong>Restat</strong></span> <span class='ocrx_word' id='word_1_5' title='bbox 334 591 365 645; x_wconf 93' lang='lat' dir='ltr'><strong>ut</strong></span> <span class='ocrx_word' id='word_1_6' title='bbox 389 581 447 644; x_wconf 74' lang='lat' dir='ltr'><strong>eos&#39;</strong></span> <span class='ocrx_word' id='word_1_7' title='bbox 462 583 543 644; x_wconf 90' lang='lat' dir='ltr'><strong>locos</strong></span> <span class='ocrx_word' id='word_1_8' title='bbox 566 581 796 662; x_wconf 79' lang='lat' dir='ltr'><strong>perlustramus,</strong></span> <span class='ocrx_word' id='word_1_9' title='bbox 830 584 880 661; x_wconf 88' lang='lat' dir='ltr'><strong>qui</strong></span> <span class='ocrx_word' id='word_1_10' title='bbox 908 583 1041 660; x_wconf 82' lang='lat' dir='ltr'><strong>corrupti</strong></span> <span class='ocrx_word' id='word_1_11' title='bbox 1069 583 1100 641; x_wconf 90' lang='lat' dir='ltr'><strong>in</strong></span> <span class='ocrx_word' id='word_1_12' title='bbox 1129 580 1267 642; x_wconf 91' lang='lat' dir='ltr'><strong>omnihus</strong></span> <span class='ocrx_word' id='word_1_13' title='bbox 1296 619 1300 630; x_wconf 88' lang='lat'>·</span> 
     </span>
     <span class='ocr_line' id='line_1_3' title="bbox 126 683 1266 764; baseline -0.005 -15"><span class='ocrx_word' id='word_1_14' title='bbox 126 689 210 750; x_wconf 89' lang='lat' dir='ltr'><strong>lihris</strong></span> <span class='ocrx_word' id='word_1_15' title='bbox 238 689 349 748; x_wconf 88' lang='lat' dir='ltr'><strong>nostris</strong></span> <span class='ocrx_word' id='word_1_16' title='bbox 376 704 432 746; x_wconf 92' lang='lat' dir='ltr'><strong>nec</strong></span> <span class='ocrx_word' id='word_1_17' title='bbox 460 687 649 764; x_wconf 87' lang='lat' dir='ltr'><strong>antiquorum</strong></span> <span class='ocrx_word' id='word_1_18' title='bbox 684 687 803 744; x_wconf 90' lang='lat' dir='ltr'><strong>testium</strong></span> <span class='ocrx_word' id='word_1_19' title='bbox 838 702 902 763; x_wconf 89' lang='lat' dir='ltr'><strong>ope,</strong></span> <span class='ocrx_word' id='word_1_20' title='bbox 937 683 988 744; x_wconf 88' lang='lat' dir='ltr'><strong>sed</strong></span> <span class='ocrx_word' id='word_1_21' title='bbox 1013 691 1113 743; x_wconf 89' lang='lat' dir='ltr'><strong>nostra</strong></span> <span class='ocrx_word' id='word_1_22' title='bbox 1137 684 1266 743; x_wconf 89' lang='lat' dir='ltr'><strong>Minerva</strong></span> 
     </span>
     <span class='ocr_line' id='line_1_4' title="bbox 127 782 1265 862; baseline -0.006 -11"><span class='ocrx_word' id='word_1_23' title='bbox 127 787 304 850; x_wconf 88' lang='lat' dir='ltr'><strong>emendandi</strong></span> <span class='ocrx_word' id='word_1_24' title='bbox 326 793 405 847; x_wconf 89' lang='lat' dir='ltr'><strong>sunt.</strong></span> <span class='ocrx_word' id='word_1_25' title='bbox 455 785 518 846; x_wconf 87' lang='lat' dir='ltr'><strong>Ecl.</strong></span> <span class='ocrx_word' id='word_1_26' title='bbox 542 786 581 844; x_wconf 95' lang='lat' dir='ltr'><strong>lll</strong></span> <span class='ocrx_word' id='word_1_27' title='bbox 605 782 666 845; x_wconf 85' lang='lat'><strong>110</strong></span> <span class='ocrx_word' id='word_1_28' title='bbox 694 793 747 845; x_wconf 86' lang='lat' dir='ltr'><strong>ont</strong></span> <span class='ocrx_word' id='word_1_29' title='bbox 768 792 876 846; x_wconf 85' lang='lat' dir='ltr'><strong>metuet</strong></span> <span class='ocrx_word' id='word_1_30' title='bbox 898 787 996 846; x_wconf 81' lang='lat' dir='ltr'><strong>dulcis</strong></span> <span class='ocrx_word' id='word_1_31' title='bbox 1018 793 1072 845; x_wconf 84' lang='lat' dir='ltr'><strong>eat</strong></span> <span class='ocrx_word' id='word_1_32' title='bbox 1094 785 1265 862; x_wconf 71' lang='lat' dir='ltr'><strong>aporema,</strong></span> 
     </span>
     <span class='ocr_line' id='line_1_5' title="bbox 127 885 1264 969; baseline -0.006 -17"><span class='ocrx_word' id='word_1_33' title='bbox 127 893 260 969; x_wconf 64' lang='lat' dir='ltr'><strong>Servius</strong></span> <span class='ocrx_word' id='word_1_34' title='bbox 280 907 356 966; x_wconf 90' lang='lat' dir='ltr'><strong>quae</strong></span> <span class='ocrx_word' id='word_1_35' title='bbox 384 891 456 948; x_wconf 85' lang='lat' dir='ltr'><strong>han</strong></span> <span class='ocrx_word' id='word_1_36' title='bbox 484 894 619 947; x_wconf 84' lang='lat' dir='ltr'><strong>temnet</strong></span> <span class='ocrx_word' id='word_1_37' title='bbox 641 890 688 960; x_wconf 75' lang='lat' dir='ltr'><strong>et,</strong></span> <span class='ocrx_word' id='word_1_38' title='bbox 718 889 807 948; x_wconf 86' lang='lat' dir='ltr'><strong>hant</strong></span> <span class='ocrx_word' id='word_1_39' title='bbox 834 887 969 948; x_wconf 89' lang='lat' dir='ltr'><strong>scribens</strong></span> <span class='ocrx_word' id='word_1_40' title='bbox 992 889 1116 946; x_wconf 88' lang='lat' dir='ltr'><strong>correxi.</strong></span> <span class='ocrx_word' id='word_1_41' title='bbox 1205 885 1264 946; x_wconf 86' lang='lat' dir='ltr'><strong>Ecl.</strong></span> 
     </span>
     <span class='ocr_line' id='line_1_6' title="bbox 126 987 838 1058; baseline -0.008 -5"><span class='ocrx_word' id='word_1_42' title='bbox 126 993 162 1053; x_wconf 93' lang='lat' dir='ltr'><strong>Vl</strong></span> <span class='ocrx_word' id='word_1_43' title='bbox 184 989 226 1053; x_wconf 87' lang='lat'><strong>80</strong></span> <span class='ocrx_word' id='word_1_44' title='bbox 247 991 365 1052; x_wconf 88' lang='lat' dir='ltr'><strong>Silenus</strong></span> <span class='ocrx_word' id='word_1_45' title='bbox 388 1008 526 1050; x_wconf 88' lang='lat' dir='ltr'><strong>narrasse</strong></span> <span class='ocrx_word' id='word_1_46' title='bbox 548 989 652 1058; x_wconf 79' lang='lat' dir='ltr'><strong>fertur,</strong></span> <span class='ocrx_word' id='word_1_47' title='bbox 676 987 838 1049; x_wconf 81' lang='lat' dir='ltr'>Philomela</span> 
     </span>
    </p>

    <p class='ocr_par' dir='ltr' id='par_1_3' title="bbox 127 1093 1274 2592">
     <span class='ocr_line' id='line_1_7' title="bbox 359 1093 1037 1169; baseline -0.004 -18"><span class='ocrx_word' id='word_1_48' title='bbox 359 1111 413 1169; x_wconf 89' lang='lat' dir='ltr'><strong>quo</strong></span> <span class='ocrx_word' id='word_1_49' title='bbox 430 1111 514 1152; x_wconf 89' lang='lat' dir='ltr'><strong>cursu</strong></span> <span class='ocrx_word' id='word_1_50' title='bbox 529 1094 637 1150; x_wconf 89' lang='lat' dir='ltr'><strong>deserta</strong></span> <span class='ocrx_word' id='word_1_51' title='bbox 652 1095 790 1168; x_wconf 85' lang='lat' dir='ltr'><strong>petiverit,</strong></span> <span class='ocrx_word' id='word_1_52' title='bbox 813 1101 840 1150; x_wconf 88' lang='lat' dir='ltr'><strong>et</strong></span> <span class='ocrx_word' id='word_1_53' title='bbox 856 1093 955 1167; x_wconf 89' lang='lat' dir='ltr'><strong>quibus</strong></span> <span class='ocrx_word' id='word_1_54' title='bbox 971 1099 1037 1148; x_wconf 83' lang='lat' dir='ltr'><strong>onte</strong></span> 
     </span>
     <span class='ocr_line' id='line_1_8' title="bbox 279 1177 944 1252; baseline -0.005 -18"><span class='ocrx_word' id='word_1_55' title='bbox 279 1209 281 1214; x_wconf 95' lang='lat'>·</span> <span class='ocrx_word' id='word_1_56' title='bbox 358 1179 451 1236; x_wconf 84' lang='lat' dir='ltr'><strong>infelix</strong></span> <span class='ocrx_word' id='word_1_57' title='bbox 467 1195 516 1236; x_wconf 89' lang='lat' dir='ltr'><strong>sua</strong></span> <span class='ocrx_word' id='word_1_58' title='bbox 532 1187 602 1234; x_wconf 87' lang='lat' dir='ltr'><strong>tecta</strong></span> <span class='ocrx_word' id='word_1_59' title='bbox 618 1187 702 1252; x_wconf 90' lang='lat' dir='ltr'><strong>super</strong></span> <span class='ocrx_word' id='word_1_60' title='bbox 717 1179 869 1234; x_wconf 76' lang='lat' dir='ltr'><strong>volitaverit</strong></span> <span class='ocrx_word' id='word_1_61' title='bbox 884 1177 944 1234; x_wconf 88' lang='lat' dir='ltr'><strong>alis.</strong></span> 
     </span>
     <span class='ocr_line' id='line_1_9' title="bbox 127 1292 1267 1372; baseline -0.004 -14"><span class='ocrx_word' id='word_1_62' title='bbox 127 1298 183 1359; x_wconf 88' lang='lat' dir='ltr'><strong>Ubi</strong></span> <span class='ocrx_word' id='word_1_63' title='bbox 208 1299 354 1357; x_wconf 74' lang='lat' dir='ltr'><strong>‘cursum’</strong></span> <span class='ocrx_word' id='word_1_64' title='bbox 378 1296 557 1372; x_wconf 86' lang='lat' dir='ltr'><strong>interpretes</strong></span> <span class='ocrx_word' id='word_1_65' title='bbox 576 1292 754 1371; x_wconf 84' lang='lat' dir='ltr'><strong>intellegunt</strong></span> <span class='ocrx_word' id='word_1_66' title='bbox 777 1293 904 1354; x_wconf 91' lang='lat' dir='ltr'><strong>volatum</strong></span> <span class='ocrx_word' id='word_1_67' title='bbox 928 1293 1071 1353; x_wconf 83' lang='lat' dir='ltr'><strong>lusciniae</strong></span> <span class='ocrx_word' id='word_1_68' title='bbox 1094 1313 1162 1372; x_wconf 88' lang='lat' dir='ltr'><strong>quo,</strong></span> <span class='ocrx_word' id='word_1_69' title='bbox 1186 1302 1267 1354; x_wconf 87' lang='lat' dir='ltr'><strong>ante·</strong></span> 
     </span>
     <span class='ocr_line' id='line_1_10' title="bbox 128 1395 1267 1490; baseline -0.005 -30"><span class='ocrx_word' id='word_1_70' title='bbox 128 1419 214 1479; x_wconf 89' lang='lat' dir='ltr'><strong>quam</strong></span> <span class='ocrx_word' id='word_1_71' title='bbox 237 1397 375 1457; x_wconf 89' lang='lat' dir='ltr'><strong>silvarum</strong></span> <span class='ocrx_word' id='word_1_72' title='bbox 399 1395 515 1456; x_wconf 87' lang='lat' dir='ltr'><strong>deserta</strong></span> <span class='ocrx_word' id='word_1_73' title='bbox 538 1397 689 1474; x_wconf 90' lang='lat' dir='ltr'><strong>petiverit,</strong></span> <span class='ocrx_word' id='word_1_74' title='bbox 719 1413 809 1474; x_wconf 91' lang='lat' dir='ltr'><strong>supra</strong></span> <span class='ocrx_word' id='word_1_75' title='bbox 837 1413 892 1490; x_wconf 68' lang='lat' dir='ltr'><strong>sup</strong></span> <span class='ocrx_word' id='word_1_76' title='bbox 920 1402 995 1454; x_wconf 89' lang='lat' dir='ltr'><strong>tecta</strong></span> <span class='ocrx_word' id='word_1_77' title='bbox 1019 1403 1119 1472; x_wconf 80' lang='lat' dir='ltr'><strong>vagata</strong></span> <span class='ocrx_word' id='word_1_78' title='bbox 1142 1395 1267 1454; x_wconf 89' lang='lat' dir='ltr'><strong>dicatur.</strong></span> 
     </span>
     <span class='ocr_line' id='line_1_11' title="bbox 127 1495 1269 1579; baseline -0.005 -17"><span class='ocrx_word' id='word_1_79' title='bbox 127 1503 161 1562; x_wconf 85' lang='lat' dir='ltr'><strong>At</strong></span> <span class='ocrx_word' id='word_1_80' title='bbox 184 1517 289 1579; x_wconf 88' lang='lat' dir='ltr'><strong>parurn</strong></span> <span class='ocrx_word' id='word_1_81' title='bbox 313 1497 348 1558; x_wconf 88' lang='lat' dir='ltr'><strong>ad</strong></span> <span class='ocrx_word' id='word_1_82' title='bbox 376 1517 439 1558; x_wconf 90' lang='lat' dir='ltr'><strong>rem</strong></span> <span class='ocrx_word' id='word_1_83' title='bbox 472 1504 572 1576; x_wconf 89' lang='lat' dir='ltr'><strong>aptum</strong></span> <span class='ocrx_word' id='word_1_84' title='bbox 595 1495 788 1556; x_wconf 83' lang='lat' dir='ltr'><strong>Philomelam</strong></span> <span class='ocrx_word' id='word_1_85' title='bbox 818 1499 903 1573; x_wconf 89' lang='lat' dir='ltr'><strong>quasi</strong></span> <span class='ocrx_word' id='word_1_86' title='bbox 932 1497 1080 1557; x_wconf 88' lang='lat' dir='ltr'><strong>detentam</strong></span> <span class='ocrx_word' id='word_1_87' title='bbox 1108 1515 1209 1557; x_wconf 87' lang='lat' dir='ltr'><strong>amore</strong></span> <span class='ocrx_word' id='word_1_88' title='bbox 1240 1503 1269 1556; x_wconf 90' lang='lat' dir='ltr'><strong>et</strong></span> 
     </span>
     <span class='ocr_line' id='line_1_12' title="bbox 128 1598 1266 1678; baseline -0.005 -16"><span class='ocrx_word' id='word_1_89' title='bbox 128 1602 275 1662; x_wconf 85' lang='lat' dir='ltr'><strong>desiderio</strong></span> <span class='ocrx_word' id='word_1_90' title='bbox 298 1617 386 1678; x_wconf 84' lang='lat' dir='ltr'><strong>aegre</strong></span> <span class='ocrx_word' id='word_1_91' title='bbox 410 1618 474 1660; x_wconf 88' lang='lat' dir='ltr'><strong>earn</strong></span> <span class='ocrx_word' id='word_1_92' title='bbox 498 1599 617 1658; x_wconf 87' lang='lat' dir='ltr'><strong>domum</strong></span> <span class='ocrx_word' id='word_1_93' title='bbox 639 1599 805 1678; x_wconf 88' lang='lat' dir='ltr'><strong>reliquisse,</strong></span> <span class='ocrx_word' id='word_1_94' title='bbox 829 1598 880 1659; x_wconf 91' lang='lat' dir='ltr'><strong>nbi</strong></span> <span class='ocrx_word' id='word_1_95' title='bbox 902 1599 1104 1676; x_wconf 82' lang='lat' dir='ltr'><strong>indignissima</strong></span> <span class='ocrx_word' id='word_1_96' title='bbox 1120 1614 1204 1678; x_wconf 87' lang='lat' dir='ltr'><strong>passa</strong></span> <span class='ocrx_word' id='word_1_97' title='bbox 1220 1599 1266 1658; x_wconf 91' lang='lat' dir='ltr'><strong>sit.</strong></span> 
     </span>
     <span class='ocr_line' id='line_1_13' title="bbox 127 1700 1269 1779; baseline -0.003 -16"><span class='ocrx_word' id='word_1_98' title='bbox 127 1705 188 1764; x_wconf 90' lang='lat' dir='ltr'><strong>Nec</strong></span> <span class='ocrx_word' id='word_1_99' title='bbox 209 1701 399 1770; x_wconf 82' lang='lat' dir='ltr'><strong>Philomelae,</strong></span> <span class='ocrx_word' id='word_1_100' title='bbox 425 1701 478 1760; x_wconf 87' lang='lat' dir='ltr'><strong>sed</strong></span> <span class='ocrx_word' id='word_1_101' title='bbox 494 1700 582 1760; x_wconf 89' lang='lat' dir='ltr'><strong>Terei</strong></span> <span class='ocrx_word' id='word_1_102' title='bbox 604 1702 728 1779; x_wconf 87' lang='lat' dir='ltr'><strong>proprie</strong></span> <span class='ocrx_word' id='word_1_103' title='bbox 752 1707 827 1761; x_wconf 90' lang='lat' dir='ltr'><strong>tecta</strong></span> <span class='ocrx_word' id='word_1_104' title='bbox 851 1707 943 1768; x_wconf 90' lang='lat' dir='ltr'><strong>erant,</strong></span> <span class='ocrx_word' id='word_1_105' title='bbox 968 1709 997 1760; x_wconf 92' lang='lat' dir='ltr'><strong>et</strong></span> <span class='ocrx_word' id='word_1_106' title='bbox 1019 1701 1106 1761; x_wconf 87' lang='lat' dir='ltr'><strong>huius</strong></span> <span class='ocrx_word' id='word_1_107' title='bbox 1128 1704 1269 1761; x_wconf 73' lang='lat' dir='ltr'><strong>‘mutatos</strong></span> 
     </span>
     <span class='ocr_line' id='line_1_14' title="bbox 127 1799 1267 1880; baseline -0.004 -15"><span class='ocrx_word' id='word_1_108' title='bbox 127 1808 225 1866; x_wconf 88' lang='lat' dir='ltr'><strong>artns&#39;</strong></span> <span class='ocrx_word' id='word_1_109' title='bbox 248 1823 315 1864; x_wconf 89' lang='lat' dir='ltr'><strong>curn</strong></span> <span class='ocrx_word' id='word_1_110' title='bbox 341 1821 366 1861; x_wconf 91' lang='lat' dir='ltr'><strong>v.</strong></span> <span class='ocrx_word' id='word_1_111' title='bbox 384 1799 424 1863; x_wconf 78' lang='lat'><strong>78</strong></span> <span class='ocrx_word' id='word_1_112' title='bbox 448 1803 616 1862; x_wconf 86' lang='lat' dir='ltr'><strong>narravisse</strong></span> <span class='ocrx_word' id='word_1_113' title='bbox 638 1803 752 1863; x_wconf 86' lang='lat' dir='ltr'><strong>feratur</strong></span> <span class='ocrx_word' id='word_1_114' title='bbox 768 1801 896 1868; x_wconf 89' lang='lat' dir='ltr'><strong>Silenus,</strong></span> <span class='ocrx_word' id='word_1_115' title='bbox 920 1804 1013 1880; x_wconf 86' lang='lat' dir='ltr'><strong>ipsius</strong></span> <span class='ocrx_word' id='word_1_116' title='bbox 1036 1802 1164 1863; x_wconf 91' lang='lat' dir='ltr'><strong>volatum</strong></span> <span class='ocrx_word' id='word_1_117' title='bbox 1187 1821 1267 1862; x_wconf 89' lang='lat' dir='ltr'><strong>com·</strong></span> 
     </span>
     <span class='ocr_line' id='line_1_15' title="bbox 127 1901 1268 1984; baseline -0.004 -18"><span class='ocrx_word' id='word_1_118' title='bbox 127 1907 286 1966; x_wconf 88' lang='lat' dir='ltr'><strong>memorari</strong></span> <span class='ocrx_word' id='word_1_119' title='bbox 310 1911 510 1984; x_wconf 86' lang='lat' dir='ltr'><strong>expectamus.</strong></span> <span class='ocrx_word' id='word_1_120' title='bbox 562 1903 640 1979; x_wconf 85' lang='lat' dir='ltr'><strong>Ergo</strong></span> <span class='ocrx_word' id='word_1_121' title='bbox 669 1902 738 1962; x_wconf 90' lang='lat' dir='ltr'><strong>dum</strong></span> <span class='ocrx_word' id='word_1_122' title='bbox 762 1901 955 1963; x_wconf 89' lang='lat' dir='ltr'><strong>Philomelam</strong></span> <span class='ocrx_word' id='word_1_123' title='bbox 979 1903 1094 1964; x_wconf 82' lang='lat' dir='ltr'><strong>deserta</strong></span> <span class='ocrx_word' id='word_1_124' title='bbox 1119 1911 1268 1981; x_wconf 90' lang='lat' dir='ltr'><strong>petentem</strong></span> 
     </span>
     <span class='ocr_line' id='line_1_16' title="bbox 127 2003 1269 2088; baseline -0.004 -20"><span class='ocrx_word' id='word_1_125' title='bbox 127 2009 318 2088; x_wconf 89' lang='lat' dir='ltr'><strong>persequitur</strong></span> <span class='ocrx_word' id='word_1_126' title='bbox 340 2004 443 2065; x_wconf 82' lang='lat' dir='ltr'><strong>infelix</strong></span> <span class='ocrx_word' id='word_1_127' title='bbox 465 2010 549 2083; x_wconf 89' lang='lat' dir='ltr'><strong>pater</strong></span> <span class='ocrx_word' id='word_1_128' title='bbox 571 2004 601 2063; x_wconf 92' lang='lat' dir='ltr'><strong>in</strong></span> <span class='ocrx_word' id='word_1_129' title='bbox 624 2021 706 2063; x_wconf 91' lang='lat' dir='ltr'><strong>avem</strong></span> <span class='ocrx_word' id='word_1_130' title='bbox 735 2010 875 2064; x_wconf 89' lang='lat' dir='ltr'><strong>mutatur.</strong></span> <span class='ocrx_word' id='word_1_131' title='bbox 927 2003 989 2064; x_wconf 90' lang='lat' dir='ltr'><strong>Hac</strong></span> <span class='ocrx_word' id='word_1_132' title='bbox 1017 2011 1115 2064; x_wconf 88' lang='lat' dir='ltr'><strong>autem</strong></span> <span class='ocrx_word' id='word_1_133' title='bbox 1144 2005 1269 2065; x_wconf 85' lang='lat' dir='ltr'><strong>admissa</strong></span> 
     </span>
     <span class='ocr_line' id='line_1_17' title="bbox 127 2105 1269 2193; baseline -0.005 -23"><span class='ocrx_word' id='word_1_134' title='bbox 127 2111 241 2170; x_wconf 90' lang='lat' dir='ltr'><strong>ratione</strong></span> <span class='ocrx_word' id='word_1_135' title='bbox 263 2125 388 2193; x_wconf 88' lang='lat' dir='ltr'><strong>prorsus</strong></span> <span class='ocrx_word' id='word_1_136' title='bbox 417 2114 497 2167; x_wconf 89' lang='lat' dir='ltr'><strong>caret</strong></span> <span class='ocrx_word' id='word_1_137' title='bbox 524 2123 614 2166; x_wconf 88' lang='lat' dir='ltr'><strong>sensu</strong></span> <span class='ocrx_word' id='word_1_138' title='bbox 648 2112 733 2179; x_wconf 84' lang='lat' dir='ltr'><strong>ante,</strong></span> <span class='ocrx_word' id='word_1_139' title='bbox 770 2113 873 2166; x_wconf 89' lang='lat' dir='ltr'><strong>contra</strong></span> <span class='ocrx_word' id='word_1_140' title='bbox 907 2105 983 2166; x_wconf 91' lang='lat' dir='ltr'><strong>hene</strong></span> <span class='ocrx_word' id='word_1_141' title='bbox 1016 2105 1112 2166; x_wconf 90' lang='lat' dir='ltr'><strong>subita</strong></span> <span class='ocrx_word' id='word_1_142' title='bbox 1147 2107 1269 2166; x_wconf 87' lang='lat' dir='ltr'><strong>mutatio</strong></span> 
     </span>
     <span class='ocr_line' id='line_1_18' title="bbox 127 2206 1270 2289; baseline -0.003 -19"><span class='ocrx_word' id='word_1_143' title='bbox 127 2209 221 2272; x_wconf 89' lang='lat' dir='ltr'><strong>oculis</strong></span> <span class='ocrx_word' id='word_1_144' title='bbox 242 2211 420 2289; x_wconf 90' lang='lat' dir='ltr'><strong>proponitur</strong></span> <span class='ocrx_word' id='word_1_145' title='bbox 449 2227 484 2267; x_wconf 93' lang='lat' dir='ltr'><strong>eo</strong></span> <span class='ocrx_word' id='word_1_146' title='bbox 508 2207 586 2284; x_wconf 89' lang='lat' dir='ltr'><strong>quod</strong></span> <span class='ocrx_word' id='word_1_147' title='bbox 610 2209 671 2266; x_wconf 86' lang='lat' dir='ltr'><strong>otte</strong></span> <span class='ocrx_word' id='word_1_148' title='bbox 693 2225 745 2266; x_wconf 90' lang='lat' dir='ltr'><strong>sua</strong></span> <span class='ocrx_word' id='word_1_149' title='bbox 774 2214 851 2282; x_wconf 80' lang='lat' dir='ltr'><strong>tecta</strong></span> <span class='ocrx_word' id='word_1_150' title='bbox 874 2225 963 2286; x_wconf 88' lang='lat' dir='ltr'><strong>super</strong></span> <span class='ocrx_word' id='word_1_151' title='bbox 987 2206 1108 2267; x_wconf 89' lang='lat' dir='ltr'><strong>volitare</strong></span> <span class='ocrx_word' id='word_1_152' title='bbox 1132 2214 1270 2267; x_wconf 88' lang='lat' dir='ltr'><strong>narratur</strong></span> 
     </span>
     <span class='ocr_line' id='line_1_19' title="bbox 128 2305 1269 2384; baseline -0.004 -12"><span class='ocrx_word' id='word_1_153' title='bbox 128 2313 257 2373; x_wconf 87' lang='lat' dir='ltr'><strong>Tereus:</strong></span> <span class='ocrx_word' id='word_1_154' title='bbox 293 2312 331 2370; x_wconf 87' lang='lat' dir='ltr'><strong>cf.</strong></span> <span class='ocrx_word' id='word_1_155' title='bbox 356 2311 428 2371; x_wconf 82' lang='lat' dir='ltr'><strong>hen.</strong></span> <span class='ocrx_word' id='word_1_156' title='bbox 452 2309 490 2370; x_wconf 87' lang='lat' dir='ltr'><strong>Xl</strong></span> <span class='ocrx_word' id='word_1_157' title='bbox 514 2305 584 2370; x_wconf 80' lang='lat'>751.</span> <span class='ocrx_word' id='word_1_158' title='bbox 642 2308 682 2368; x_wconf 83' lang='lat' dir='ltr'><strong>lle</strong></span> <span class='ocrx_word' id='word_1_159' title='bbox 716 2309 846 2368; x_wconf 88' lang='lat' dir='ltr'><strong>confusis</strong></span> <span class='ocrx_word' id='word_1_160' title='bbox 874 2308 899 2368; x_wconf 92' lang='lat' dir='ltr'>N</span> <span class='ocrx_word' id='word_1_161' title='bbox 929 2315 957 2368; x_wconf 90' lang='lat' dir='ltr'><strong>et</strong></span> <span class='ocrx_word' id='word_1_162' title='bbox 985 2307 1007 2367; x_wconf 89' lang='lat' dir='ltr'>L</span> <span class='ocrx_word' id='word_1_163' title='bbox 1041 2309 1148 2368; x_wconf 86' lang='lat' dir='ltr'><strong>litteris</strong></span> <span class='ocrx_word' id='word_1_164' title='bbox 1181 2325 1269 2384; x_wconf 89' lang='lat' dir='ltr'><strong>snpra</strong></span> 
     </span>
     <span class='ocr_line' id='line_1_20' title="bbox 128 2406 1274 2489; baseline -0.003 -17"><span class='ocrx_word' id='word_1_165' title='bbox 128 2414 196 2472; x_wconf 81' lang='lat' dir='ltr'><strong>vlixi.</strong></span> <span class='ocrx_word' id='word_1_166' title='bbox 286 2413 328 2472; x_wconf 88' lang='lat' dir='ltr'><strong>lle</strong></span> <span class='ocrx_word' id='word_1_167' title='bbox 352 2410 472 2487; x_wconf 86' lang='lat' dir='ltr'><strong>eclogae</strong></span> <span class='ocrx_word' id='word_1_168' title='bbox 493 2410 558 2470; x_wconf 91' lang='lat' dir='ltr'><strong>·Vlll</strong></span> <span class='ocrx_word' id='word_1_169' title='bbox 579 2406 621 2470; x_wconf 87' lang='grc'><strong>49</strong></span> <span class='ocrx_word' id='word_1_170' title='bbox 643 2409 694 2469; x_wconf 90' lang='lat' dir='ltr'><strong>uhi</strong></span> <span class='ocrx_word' id='word_1_171' title='bbox 716 2417 754 2469; x_wconf 88' lang='lat' dir='ltr'><strong>ot</strong></span> <span class='ocrx_word' id='word_1_172' title='bbox 776 2411 881 2488; x_wconf 89' lang='lat' dir='ltr'><strong>scripsi</strong></span> <span class='ocrx_word' id='word_1_173' title='bbox 903 2429 958 2489; x_wconf 92' lang='lat' dir='ltr'><strong>pro</strong></span> <span class='ocrx_word' id='word_1_174' title='bbox 981 2427 1022 2470; x_wconf 84' lang='lat' dir='ltr'><strong>on</strong></span> <span class='ocrx_word' id='word_1_175' title='bbox 1044 2409 1186 2470; x_wconf 90' lang='lat' dir='ltr'><strong>librorum</strong></span> <span class='ocrx_word' id='word_1_176' title='bbox 1212 2412 1274 2469; x_wconf 86' lang='lat' dir='ltr'><strong>MP</strong></span> 
     </span>
     <span class='ocr_line' id='line_1_21' title="bbox 127 2509 1270 2592; baseline -0.003 -18"><span class='ocrx_word' id='word_1_177' title='bbox 127 2516 230 2592; x_wconf 72' lang='lat' dir='ltr'><strong>ychen</strong></span> <span class='ocrx_word' id='word_1_178' title='bbox 252 2513 400 2591; x_wconf 84' lang='lat' dir='ltr'><strong>scriptura</strong></span> <span class='ocrx_word' id='word_1_179' title='bbox 423 2510 517 2571; x_wconf 90' lang='lat' dir='ltr'><strong>laetor</strong></span> <span class='ocrx_word' id='word_1_180' title='bbox 533 2529 580 2571; x_wconf 92' lang='lat' dir='ltr'><strong>me</strong></span> <span class='ocrx_word' id='word_1_181' title='bbox 603 2529 682 2571; x_wconf 91' lang='lat' dir='ltr'><strong>nunc</strong></span> <span class='ocrx_word' id='word_1_182' title='bbox 698 2509 843 2571; x_wconf 90' lang='lat' dir='ltr'><strong>Ladevico</strong></span> <span class='ocrx_word' id='word_1_183' title='bbox 867 2530 985 2591; x_wconf 89' lang='lat' dir='ltr'><strong>quoque</strong></span> <span class='ocrx_word' id='word_1_184' title='bbox 1007 2513 1199 2592; x_wconf 86' lang='lat' dir='ltr'><strong>persuasisse.</strong></span> <span class='ocrx_word' id='word_1_185' title='bbox 1245 2511 1270 2570; x_wconf 93' lang='lat' dir='ltr'><strong>N</strong></span> 
     </span>
    </p>
   </div>
   <div class='ocr_carea' id='block_1_3' title="bbox 128 2613 1024 2762">
    <p class='ocr_par' dir='ltr' id='par_1_4' title="bbox 128 2613 1024 2762">
     <span class='ocr_line' id='line_1_22' title="bbox 128 2613 1024 2762; baseline -0.002 -19"><span class='ocrx_word' id='word_1_186' title='bbox 128 2703 182 2762; x_wconf 91' lang='lat' dir='ltr'><strong>pro</strong></span> <span class='ocrx_word' id='word_1_187' title='bbox 204 2683 228 2742; x_wconf 89' lang='grc' dir='ltr'><strong><em>Τ</em></strong></span> <span class='ocrx_word' id='word_1_188' title='bbox 251 2682 360 2760; x_wconf 90' lang='lat' dir='ltr'><strong>scripta</strong></span> <span class='ocrx_word' id='word_1_189' title='bbox 382 2683 413 2740; x_wconf 94' lang='lat' dir='ltr'><strong>in</strong></span> <span class='ocrx_word' id='word_1_190' title='bbox 437 2681 473 2740; x_wconf 90' lang='lat' dir='ltr'><em>M</em></span> <span class='ocrx_word' id='word_1_191' title='bbox 493 2691 538 2741; x_wconf 91' lang='lat' dir='ltr'><strong>est</strong></span> <span class='ocrx_word' id='word_1_192' title='bbox 561 2683 649 2740; x_wconf 90' lang='lat' dir='ltr'><strong>etiarn</strong></span> <span class='ocrx_word' id='word_1_193' title='bbox 671 2699 715 2758; x_wconf 82' lang='lat' dir='ltr'><strong>ge.</strong></span> <span class='ocrx_word' id='word_1_194' title='bbox 740 2681 792 2740; x_wconf 95' lang='lat' dir='ltr'><strong>llll</strong></span> <span class='ocrx_word' id='word_1_195' title='bbox 815 2677 877 2741; x_wconf 77' lang='lat'><strong>278</strong></span> <span class='ocrx_word' id='word_1_196' title='bbox 900 2679 941 2761; x_wconf 90' lang='lat' dir='ltr'><strong>et]</strong></span> <span class='ocrx_word' id='word_1_197' title='bbox 965 2613 1024 2743; x_wconf 57' lang='lat' dir='ltr'><strong>uit.</strong></span> 
     </span>
    </p>
   </div>
   <div class='ocr_carea' id='block_1_4' title="bbox 128 2811 1349 4517">
    <p class='ocr_par' dir='ltr' id='par_1_5' title="bbox 128 2811 1349 4517">
     <span class='ocr_line' id='line_1_23' title="bbox 213 2811 1272 2896; baseline 0 -18"><span class='ocrx_word' id='word_1_198' title='bbox 213 2819 381 2892; x_wconf 73' lang='lat' dir='ltr'><strong>Georqtcon</strong></span> <span class='ocrx_word' id='word_1_199' title='bbox 403 2815 415 2876; x_wconf 94' lang='lat' dir='ltr'><strong>l</strong></span> <span class='ocrx_word' id='word_1_200' title='bbox 439 2811 500 2875; x_wconf 83' lang='grc'><strong>142</strong></span> <span class='ocrx_word' id='word_1_201' title='bbox 522 2815 558 2875; x_wconf 90' lang='lat' dir='ltr'><strong>ah</strong></span> <span class='ocrx_word' id='word_1_202' title='bbox 580 2815 688 2876; x_wconf 92' lang='lat' dir='ltr'><strong>0ttone</strong></span> <span class='ocrx_word' id='word_1_203' title='bbox 710 2816 850 2876; x_wconf 86' lang='lat' dir='ltr'><strong>Hanouio</strong></span> <span class='ocrx_word' id='word_1_204' title='bbox 868 2817 1055 2878; x_wconf 89' lang='lat' dir='ltr'><strong>emendatum</strong></span> <span class='ocrx_word' id='word_1_205' title='bbox 1079 2835 1168 2896; x_wconf 89' lang='lat' dir='ltr'><strong>snpra</strong></span> <span class='ocrx_word' id='word_1_206' title='bbox 1183 2836 1213 2895; x_wconf 92' lang='lat' dir='ltr'><strong>p.</strong></span> <span class='ocrx_word' id='word_1_207' title='bbox 1230 2813 1272 2878; x_wconf 86' lang='lat'><strong>54</strong></span> 
     </span>
     <span class='ocr_line' id='line_1_24' title="bbox 129 2915 1270 2994; baseline -0.003 -14"><span class='ocrx_word' id='word_1_208' title='bbox 129 2918 251 2980; x_wconf 88' lang='lat' dir='ltr'><strong>laudavi.</strong></span> <span class='ocrx_word' id='word_1_209' title='bbox 339 2917 383 2978; x_wconf 80' lang='lat' dir='ltr'><strong>hri</strong></span> <span class='ocrx_word' id='word_1_210' title='bbox 405 2917 622 2978; x_wconf 88' lang='lat' dir='ltr'><strong>restituendum</strong></span> <span class='ocrx_word' id='word_1_211' title='bbox 646 2917 672 2978; x_wconf 95' lang='lat' dir='ltr'><strong>ll</strong></span> <span class='ocrx_word' id='word_1_212' title='bbox 694 2915 757 2978; x_wconf 75' lang='lat'><strong>302</strong></span> <span class='ocrx_word' id='word_1_213' title='bbox 772 2917 904 2977; x_wconf 86' lang='lat' dir='ltr'><strong>Mediceo</strong></span> <span class='ocrx_word' id='word_1_214' title='bbox 927 2925 1009 2978; x_wconf 88' lang='lat' dir='ltr'><strong>recte</strong></span> <span class='ocrx_word' id='word_1_215' title='bbox 1033 2937 1103 2980; x_wconf 79' lang='lat' dir='ltr'><strong>treus</strong></span> <span class='ocrx_word' id='word_1_216' title='bbox 1126 2919 1270 2994; x_wconf 84' lang='lat' dir='ltr'><strong>estWag·</strong></span> 
     </span>
     <span class='ocr_line' id='line_1_25' title="bbox 129 3015 1270 3097; baseline -0.002 -17"><span class='ocrx_word' id='word_1_217' title='bbox 129 3039 227 3080; x_wconf 87' lang='lat' dir='ltr'><strong>nevus.</strong></span> <span class='ocrx_word' id='word_1_218' title='bbox 316 3019 490 3080; x_wconf 88' lang='lat' dir='ltr'><strong>Necessaria</strong></span> <span class='ocrx_word' id='word_1_219' title='bbox 514 3018 659 3097; x_wconf 79' lang='lat' dir='ltr'><strong>Scaligeri</strong></span> <span class='ocrx_word' id='word_1_220' title='bbox 687 3019 867 3086; x_wconf 85' lang='lat' dir='ltr'><strong>emendatio,</strong></span> <span class='ocrx_word' id='word_1_221' title='bbox 897 3038 954 3096; x_wconf 89' lang='lat' dir='ltr'><strong>qua</strong></span> <span class='ocrx_word' id='word_1_222' title='bbox 983 3015 1106 3079; x_wconf 81' lang='lat'>111402</span> <span class='ocrx_word' id='word_1_223' title='bbox 1134 3037 1270 3094; x_wconf 79' lang='lat' dir='ltr'><strong>expor-</strong></span> 
     </span>
     <span class='ocr_line' id='line_1_26' title="bbox 129 3119 1271 3200; baseline -0.004 -18"><span class='ocrx_word' id='word_1_224' title='bbox 129 3130 217 3182; x_wconf 84' lang='lat' dir='ltr'><strong>tans</strong></span> <span class='ocrx_word' id='word_1_225' title='bbox 247 3122 317 3180; x_wconf 90' lang='lat' dir='ltr'><strong>fecit</strong></span> <span class='ocrx_word' id='word_1_226' title='bbox 348 3139 382 3183; x_wconf 85' lang='lat' dir='ltr'><strong>ex</strong></span> <span class='ocrx_word' id='word_1_227' title='bbox 414 3139 448 3180; x_wconf 89' lang='lat' dir='ltr'><strong>eo</strong></span> <span class='ocrx_word' id='word_1_228' title='bbox 477 3120 554 3196; x_wconf 91' lang='lat' dir='ltr'><strong>quod</strong></span> <span class='ocrx_word' id='word_1_229' title='bbox 582 3122 612 3180; x_wconf 93' lang='lat' dir='ltr'><strong>in</strong></span> <span class='ocrx_word' id='word_1_230' title='bbox 637 3119 841 3197; x_wconf 63' lang='lat' dir='ltr'><strong>feneratae</strong></span> <span class='ocrx_word' id='word_1_231' title='bbox 870 3126 898 3178; x_wconf 91' lang='lat' dir='ltr'><strong>et</strong></span> <span class='ocrx_word' id='word_1_232' title='bbox 921 3119 999 3196; x_wconf 91' lang='lat' dir='ltr'><strong>apud</strong></span> <span class='ocrx_word' id='word_1_233' title='bbox 1021 3126 1113 3180; x_wconf 89' lang='lat' dir='ltr'><strong>testes</strong></span> <span class='ocrx_word' id='word_1_234' title='bbox 1135 3122 1271 3200; x_wconf 91' lang='lat' dir='ltr'><strong>antiquos</strong></span> 
     </span>
     <span class='ocr_line' id='line_1_27' title="bbox 128 3217 1270 3297; baseline -0.002 -15"><span class='ocrx_word' id='word_1_235' title='bbox 128 3224 277 3284; x_wconf 89' lang='lat' dir='ltr'><strong>invenitur</strong></span> <span class='ocrx_word' id='word_1_236' title='bbox 299 3228 474 3297; x_wconf 76' lang='lat' dir='ltr'><strong>exportant.</strong></span> <span class='ocrx_word' id='word_1_237' title='bbox 561 3221 672 3280; x_wconf 88' lang='lat' dir='ltr'><strong>Reiskii</strong></span> <span class='ocrx_word' id='word_1_238' title='bbox 696 3222 898 3281; x_wconf 89' lang='lat' dir='ltr'><strong>coniecturam</strong></span> <span class='ocrx_word' id='word_1_239' title='bbox 921 3221 1035 3297; x_wconf 90' lang='lat' dir='ltr'><strong>perfeci</strong></span> <span class='ocrx_word' id='word_1_240' title='bbox 1057 3219 1109 3280; x_wconf 98' lang='lat' dir='ltr'><strong>llll</strong></span> <span class='ocrx_word' id='word_1_241' title='bbox 1131 3217 1172 3280; x_wconf 80' lang='lat'><strong>62</strong></span> <span class='ocrx_word' id='word_1_242' title='bbox 1195 3228 1270 3282; x_wconf 87' lang='lat' dir='ltr'><strong>tus-</strong></span> 
     </span>
     <span class='ocr_line' id='line_1_28' title="bbox 128 3321 1271 3400; baseline -0.003 -15"><span class='ocrx_word' id='word_1_243' title='bbox 128 3343 189 3385; x_wconf 85' lang='lat' dir='ltr'><strong>sos</strong></span> <span class='ocrx_word' id='word_1_244' title='bbox 212 3323 357 3383; x_wconf 87' lang='lat' dir='ltr'><strong>eliciendo</strong></span> <span class='ocrx_word' id='word_1_245' title='bbox 381 3341 416 3382; x_wconf 89' lang='lat' dir='ltr'><strong>ex</strong></span> <span class='ocrx_word' id='word_1_246' title='bbox 439 3327 533 3382; x_wconf 79' lang='lat' dir='ltr'><strong>iussos</strong></span> <span class='ocrx_word' id='word_1_247' title='bbox 549 3321 719 3398; x_wconf 88' lang='lat' dir='ltr'><strong>corruptela</strong></span> <span class='ocrx_word' id='word_1_248' title='bbox 736 3321 871 3382; x_wconf 87' lang='lat' dir='ltr'><strong>codicum</strong></span> <span class='ocrx_word' id='word_1_249' title='bbox 888 3323 1072 3398; x_wconf 75' lang='lat' dir='ltr'><strong>MPyaoca:</strong></span> <span class='ocrx_word' id='word_1_250' title='bbox 1095 3341 1271 3400; x_wconf 89' lang='lat' dir='ltr'><strong>quamquam</strong></span> 
     </span>
     <span class='ocr_line' id='line_1_29' title="bbox 128 3423 1270 3502; baseline -0.003 -17"><span class='ocrx_word' id='word_1_251' title='bbox 128 3425 342 3494; x_wconf 86' lang='lat' dir='ltr'><strong>Ladevicuset</strong></span> <span class='ocrx_word' id='word_1_252' title='bbox 364 3423 534 3500; x_wconf 85' lang='lat' dir='ltr'><strong>languidum</strong></span> <span class='ocrx_word' id='word_1_253' title='bbox 559 3431 587 3482; x_wconf 94' lang='lat' dir='ltr'><strong>et</strong></span> <span class='ocrx_word' id='word_1_254' title='bbox 603 3426 726 3484; x_wconf 89' lang='lat' dir='ltr'><strong>metrica</strong></span> <span class='ocrx_word' id='word_1_255' title='bbox 749 3431 853 3501; x_wconf 89' lang='lat' dir='ltr'><strong>poetae</strong></span> <span class='ocrx_word' id='word_1_256' title='bbox 876 3425 969 3482; x_wconf 89' lang='lat' dir='ltr'><strong>nostri</strong></span> <span class='ocrx_word' id='word_1_257' title='bbox 993 3431 1056 3482; x_wconf 91' lang='lat' dir='ltr'><strong>arte</strong></span> <span class='ocrx_word' id='word_1_258' title='bbox 1079 3442 1185 3502; x_wconf 89' lang='lat' dir='ltr'><strong>parurn</strong></span> <span class='ocrx_word' id='word_1_259' title='bbox 1208 3423 1270 3500; x_wconf 86' lang='lat' dir='ltr'><strong>dig-</strong></span> 
     </span>
     <span class='ocr_line' id='line_1_30' title="bbox 129 3521 1271 3602; baseline -0.004 -16"><span class='ocrx_word' id='word_1_260' title='bbox 129 3545 199 3588; x_wconf 92' lang='lat' dir='ltr'><strong>num</strong></span> <span class='ocrx_word' id='word_1_261' title='bbox 224 3529 320 3587; x_wconf 84' lang='lat' dir='ltr'><strong>iussus</strong></span> <span class='ocrx_word' id='word_1_262' title='bbox 342 3523 504 3602; x_wconf 89' lang='lat' dir='ltr'><strong>periclitari</strong></span> <span class='ocrx_word' id='word_1_263' title='bbox 526 3524 637 3586; x_wconf 88' lang='lat' dir='ltr'><strong>maluit.</strong></span> <span class='ocrx_word' id='word_1_264' title='bbox 724 3523 862 3584; x_wconf 87' lang='lat' dir='ltr'><strong>Eiusdem</strong></span> <span class='ocrx_word' id='word_1_265' title='bbox 884 3523 954 3584; x_wconf 87' lang='lat' dir='ltr'><strong>libri</strong></span> <span class='ocrx_word' id='word_1_266' title='bbox 978 3542 1001 3582; x_wconf 92' lang='lat' dir='ltr'><strong>v.</strong></span> <span class='ocrx_word' id='word_1_267' title='bbox 1029 3521 1089 3584; x_wconf 80' lang='lat'><strong>129</strong></span> <span class='ocrx_word' id='word_1_268' title='bbox 1112 3524 1271 3585; x_wconf 87' lang='lat' dir='ltr'><strong>Salmasius</strong></span> 
     </span>
     <span class='ocr_line' id='line_1_31' title="bbox 129 3625 1271 3705; baseline -0.003 -17"><span class='ocrx_word' id='word_1_269' title='bbox 129 3628 256 3695; x_wconf 83' lang='lat' dir='ltr'><strong>feliciter</strong></span> <span class='ocrx_word' id='word_1_270' title='bbox 283 3627 413 3686; x_wconf 86' lang='lat' dir='ltr'><strong>restituit</strong></span> <span class='ocrx_word' id='word_1_271' title='bbox 441 3627 589 3700; x_wconf 76' lang='lat' dir='ltr'><strong>Cereri,</strong></span> <span class='ocrx_word' id='word_1_272' title='bbox 625 3625 702 3704; x_wconf 89' lang='lat' dir='ltr'><strong>quod</strong></span> <span class='ocrx_word' id='word_1_273' title='bbox 733 3643 818 3702; x_wconf 89' lang='lat' dir='ltr'><strong>quarn</strong></span> <span class='ocrx_word' id='word_1_274' title='bbox 848 3625 942 3686; x_wconf 88' lang='lat' dir='ltr'><strong>facilis</strong></span> <span class='ocrx_word' id='word_1_275' title='bbox 970 3625 1125 3705; x_wconf 85' lang='lat' dir='ltr'><strong>archetypi-</strong></span> <span class='ocrx_word' id='word_1_276' title='bbox 1150 3626 1271 3686; x_wconf 89' lang='lat' dir='ltr'><strong>librario</strong></span> 
     </span>
     <span class='ocr_line' id='line_1_32' title="bbox 129 3727 1270 3807; baseline -0.002 -19"><span class='ocrx_word' id='word_1_277' title='bbox 129 3730 224 3790; x_wconf 89' lang='lat' dir='ltr'><strong>videri</strong></span> <span class='ocrx_word' id='word_1_278' title='bbox 245 3727 374 3807; x_wconf 91' lang='lat' dir='ltr'><strong>potuerit</strong></span> <span class='ocrx_word' id='word_1_279' title='bbox 391 3730 513 3802; x_wconf 81' lang='lat' dir='ltr'><strong>pecori,</strong></span> <span class='ocrx_word' id='word_1_280' title='bbox 547 3736 579 3786; x_wconf 90' lang='lat' dir='ltr'><strong>ut</strong></span> <span class='ocrx_word' id='word_1_281' title='bbox 603 3729 771 3805; x_wconf 66' lang='lat' dir='ltr'><strong>MPynhcat</strong></span> <span class='ocrx_word' id='word_1_282' title='bbox 800 3745 865 3787; x_wconf 91' lang='lat' dir='ltr'><strong>cum</strong></span> <span class='ocrx_word' id='word_1_283' title='bbox 889 3727 984 3787; x_wconf 91' lang='lat' dir='ltr'><strong>Nonio</strong></span> <span class='ocrx_word' id='word_1_284' title='bbox 1013 3735 1042 3786; x_wconf 90' lang='lat' dir='ltr'><strong>et</strong></span> <span class='ocrx_word' id='word_1_285' title='bbox 1064 3727 1166 3788; x_wconf 88' lang='lat' dir='ltr'><strong>Servio</strong></span> <span class='ocrx_word' id='word_1_286' title='bbox 1190 3727 1270 3786; x_wconf 89' lang='lat' dir='ltr'><strong>exhi·</strong></span> 
     </span>
     <span class='ocr_line' id='line_1_33' title="bbox 130 3825 1271 3907; baseline -0.004 -15"><span class='ocrx_word' id='word_1_287' title='bbox 130 3831 216 3899; x_wconf 87' lang='lat' dir='ltr'><strong>heht,</strong></span> <span class='ocrx_word' id='word_1_288' title='bbox 244 3832 301 3890; x_wconf 88' lang='lat' dir='ltr'><strong>iam</strong></span> <span class='ocrx_word' id='word_1_289' title='bbox 318 3847 366 3888; x_wconf 87' lang='lat' dir='ltr'><strong>ex</strong></span> <span class='ocrx_word' id='word_1_290' title='bbox 389 3825 487 3888; x_wconf 88' lang='lat' dir='ltr'><strong>tahula</strong></span> <span class='ocrx_word' id='word_1_291' title='bbox 511 3835 612 3888; x_wconf 87' lang='lat' dir='ltr'><strong>nostra</strong></span> <span class='ocrx_word' id='word_1_292' title='bbox 635 3847 724 3906; x_wconf 90' lang='lat' dir='ltr'><strong>supra</strong></span> <span class='ocrx_word' id='word_1_293' title='bbox 754 3830 916 3907; x_wconf 89' lang='lat' dir='ltr'><strong>composita</strong></span> <span class='ocrx_word' id='word_1_294' title='bbox 945 3828 1018 3887; x_wconf 89' lang='lat' dir='ltr'><strong>disci</strong></span> <span class='ocrx_word' id='word_1_295' title='bbox 1040 3836 1146 3905; x_wconf 90' lang='lat' dir='ltr'><strong>potest.</strong></span> <span class='ocrx_word' id='word_1_296' title='bbox 1198 3829 1271 3888; x_wconf 90' lang='lat' dir='ltr'><strong>Nam</strong></span> 
     </span>
     <span class='ocr_line' id='line_1_34' title="bbox 130 3925 1271 4009; baseline -0.003 -17"><span class='ocrx_word' id='word_1_297' title='bbox 130 3949 234 3993; x_wconf 89' lang='lat' dir='ltr'><strong>eornm</strong></span> <span class='ocrx_word' id='word_1_298' title='bbox 257 3947 397 4009; x_wconf 87' lang='lat' dir='ltr'><strong>perversa</strong></span> <span class='ocrx_word' id='word_1_299' title='bbox 420 3929 575 4007; x_wconf 87' lang='lat' dir='ltr'><strong>explicatio</strong></span> <span class='ocrx_word' id='word_1_300' title='bbox 599 3937 651 3998; x_wconf 89' lang='lat' dir='ltr'><strong>est,</strong></span> <span class='ocrx_word' id='word_1_301' title='bbox 676 3931 725 4006; x_wconf 89' lang='lat' dir='ltr'><strong>qui</strong></span> <span class='ocrx_word' id='word_1_302' title='bbox 740 3929 814 3989; x_wconf 90' lang='lat' dir='ltr'><strong>haec</strong></span> <span class='ocrx_word' id='word_1_303' title='bbox 838 3933 912 3988; x_wconf 71' lang='lat' dir='ltr'><strong>‘nee</strong></span> <span class='ocrx_word' id='word_1_304' title='bbox 934 3925 1038 3988; x_wconf 88' lang='lat' dir='ltr'><strong>fertilis</strong></span> <span class='ocrx_word' id='word_1_305' title='bbox 1058 3929 1106 3989; x_wconf 91' lang='lat' dir='ltr'><strong>illa</strong></span> <span class='ocrx_word' id='word_1_306' title='bbox 1122 3931 1271 3990; x_wconf 88' lang='lat' dir='ltr'><strong>iuvencis&#39;</strong></span> 
     </span>
     <span class='ocr_line' id='line_1_35' title="bbox 130 4029 1271 4110; baseline -0.004 -17"><span class='ocrx_word' id='word_1_307' title='bbox 130 4033 167 4093; x_wconf 86' lang='lat' dir='ltr'><strong>de</strong></span> <span class='ocrx_word' id='word_1_308' title='bbox 196 4032 349 4092; x_wconf 90' lang='lat' dir='ltr'><strong>sterilitate</strong></span> <span class='ocrx_word' id='word_1_309' title='bbox 379 4048 517 4108; x_wconf 81' lang='lat' dir='ltr'><strong>agrorum</strong></span> <span class='ocrx_word' id='word_1_310' title='bbox 546 4032 654 4092; x_wconf 91' lang='lat' dir='ltr'><strong>frustra</strong></span> <span class='ocrx_word' id='word_1_311' title='bbox 684 4029 778 4090; x_wconf 90' lang='lat' dir='ltr'><strong>hobus</strong></span> <span class='ocrx_word' id='word_1_312' title='bbox 811 4037 975 4097; x_wconf 86' lang='lat' dir='ltr'><strong>aratorum.</strong></span> <span class='ocrx_word' id='word_1_313' title='bbox 1011 4033 1164 4110; x_wconf 89' lang='lat' dir='ltr'><strong>sequentia</strong></span> <span class='ocrx_word' id='word_1_314' title='bbox 1199 4033 1271 4090; x_wconf 69' lang='lat' dir='ltr'><strong>‘nec</strong></span> 
     </span>
     <span class='ocr_line' id='line_1_36' title="bbox 129 4130 1349 4214; baseline -0.008 -20"><span class='ocrx_word' id='word_1_315' title='bbox 129 4135 231 4214; x_wconf 90' lang='lat' dir='ltr'><strong>pecori</strong></span> <span class='ocrx_word' id='word_1_316' title='bbox 254 4138 421 4212; x_wconf 88' lang='lat' dir='ltr'><strong>opportuna</strong></span> <span class='ocrx_word' id='word_1_317' title='bbox 437 4136 541 4210; x_wconf 81' lang='lat' dir='ltr'><strong>seges’</strong></span> <span class='ocrx_word' id='word_1_318' title='bbox 565 4132 602 4192; x_wconf 91' lang='lat' dir='ltr'><strong>de</strong></span> <span class='ocrx_word' id='word_1_319' title='bbox 617 4134 735 4210; x_wconf 87' lang='lat' dir='ltr'><strong>pascuis</strong></span> <span class='ocrx_word' id='word_1_320' title='bbox 750 4131 882 4208; x_wconf 84' lang='lat' dir='ltr'><strong>intellegi</strong></span> <span class='ocrx_word' id='word_1_321' title='bbox 899 4130 1008 4200; x_wconf 91' lang='lat' dir='ltr'><strong>volunt,</strong></span> <span class='ocrx_word' id='word_1_322' title='bbox 1034 4150 1093 4192; x_wconf 91' lang='lat' dir='ltr'><strong>non</strong></span> <span class='ocrx_word' id='word_1_323' title='bbox 1109 4134 1272 4192; x_wconf 86' lang='lat' dir='ltr'><strong>sentientes</strong></span> <span class='ocrx_word' id='word_1_324' title='bbox 1348 4180 1349 4184; x_wconf 75' lang='grc'>,</span> 
     </span>
     <span class='ocr_line' id='line_1_37' title="bbox 130 4232 1271 4313; baseline -0.004 -19"><span class='ocrx_word' id='word_1_325' title='bbox 130 4253 217 4313; x_wconf 90' lang='lat' dir='ltr'><strong>quam</strong></span> <span class='ocrx_word' id='word_1_326' title='bbox 241 4236 341 4311; x_wconf 88' lang='lat' dir='ltr'><strong>inepta</strong></span> <span class='ocrx_word' id='word_1_327' title='bbox 364 4235 441 4292; x_wconf 88' lang='lat' dir='ltr'><strong>intra</strong></span> <span class='ocrx_word' id='word_1_328' title='bbox 465 4233 596 4293; x_wconf 84' lang='lat' dir='ltr'><strong>eiusdem</strong></span> <span class='ocrx_word' id='word_1_329' title='bbox 620 4232 758 4295; x_wconf 88' lang='lat' dir='ltr'><strong>versiculi</strong></span> <span class='ocrx_word' id='word_1_330' title='bbox 780 4234 854 4292; x_wconf 90' lang='lat' dir='ltr'><strong>lines</strong></span> <span class='ocrx_word' id='word_1_331' title='bbox 875 4236 1006 4308; x_wconf 81' lang='lat' dir='ltr'><strong>pecoris,</strong></span> <span class='ocrx_word' id='word_1_332' title='bbox 1038 4234 1136 4292; x_wconf 92' lang='lat' dir='ltr'><strong>ovium</strong></span> <span class='ocrx_word' id='word_1_333' title='bbox 1160 4232 1271 4292; x_wconf 90' lang='lat' dir='ltr'><strong>scilicet</strong></span> 
     </span>
     <span class='ocr_line' id='line_1_38' title="bbox 130 4333 1269 4414; baseline -0.004 -18"><span class='ocrx_word' id='word_1_334' title='bbox 130 4335 382 4414; x_wconf 82' lang='lat' dir='ltr'><strong>capellarumque,</strong></span> <span class='ocrx_word' id='word_1_335' title='bbox 407 4341 435 4398; x_wconf 83' lang='lat' dir='ltr'><strong>et</strong></span> <span class='ocrx_word' id='word_1_336' title='bbox 458 4335 578 4395; x_wconf 75' lang='lat' dir='ltr'><strong>Bocchi</strong></span> <span class='ocrx_word' id='word_1_337' title='bbox 599 4336 746 4414; x_wconf 90' lang='lat' dir='ltr'><strong>oppositio</strong></span> <span class='ocrx_word' id='word_1_338' title='bbox 770 4335 816 4394; x_wconf 87' lang='lat' dir='ltr'><strong>sit.</strong></span> <span class='ocrx_word' id='word_1_339' title='bbox 868 4333 959 4394; x_wconf 90' lang='lat' dir='ltr'><strong>Multo</strong></span> <span class='ocrx_word' id='word_1_340' title='bbox 983 4334 1070 4394; x_wconf 89' lang='lat' dir='ltr'><strong>etad</strong></span> <span class='ocrx_word' id='word_1_341' title='bbox 1095 4335 1269 4394; x_wconf 90' lang='lat' dir='ltr'><strong>sententiam</strong></span> 
     </span>
     <span class='ocr_line' id='line_1_39' title="bbox 132 4419 1271 4517; baseline -0.006 -19"><span class='ocrx_word' id='word_1_342' title='bbox 132 4440 229 4517; x_wconf 87' lang='lat' dir='ltr'><strong>aptius</strong></span> <span class='ocrx_word' id='word_1_343' title='bbox 252 4444 281 4496; x_wconf 90' lang='lat' dir='ltr'><strong>et</strong></span> <span class='ocrx_word' id='word_1_344' title='bbox 304 4438 436 4496; x_wconf 90' lang='lat' dir='ltr'><strong>sermoni</strong></span> <span class='ocrx_word' id='word_1_345' title='bbox 459 4419 683 4496; x_wconf 77' lang='lat' dir='ltr'><strong>convenientius</strong></span> <span class='ocrx_word' id='word_1_346' title='bbox 706 4437 800 4513; x_wconf 91' lang='lat' dir='ltr'><strong>prima</strong></span> <span class='ocrx_word' id='word_1_347' title='bbox 822 4435 872 4495; x_wconf 89' lang='lat' dir='ltr'><strong>illa</strong></span> <span class='ocrx_word' id='word_1_348' title='bbox 901 4435 937 4494; x_wconf 82' lang='lat' dir='ltr'><strong>ad</strong></span> <span class='ocrx_word' id='word_1_349' title='bbox 960 4435 1118 4496; x_wconf 87' lang='lat' dir='ltr'><strong>herbarum</strong></span> <span class='ocrx_word' id='word_1_350' title='bbox 1142 4435 1271 4511; x_wconf 89' lang='lat' dir='ltr'><strong>inopiam</strong></span> 
     </span>
    </p>
   </div>
   <div class='ocr_carea' id='block_1_5' title="bbox 0 0 1595 5038">
    <p class='ocr_par' dir='ltr' id='par_1_6' title="bbox 0 0 1595 5038">
     <span class='ocr_line' id='line_1_40' title="bbox 0 0 1595 5038; baseline 0 0"><span class='ocrx_word' id='word_1_351' title='bbox 0 0 1595 5038; x_wconf 95' lang='lat' dir='ltr'><strong> </strong></span> 
     </span>
    </p>
   </div>
  </div>
 </body>
</html>
