3230 5046
308 365 368 430 198
753 385 997 427 esonneounuu.

350 573 396 632 ge.
422 553 473 614 llll
494 550 558 614 443
587 555 752 630 ‘pellacia’
777 552 820 632 (ιιι
843 555 904 613 M?
925 554 980 612 ιλ·
1003 553 1038 612 cl.
1063 551 1284 631 l‘hilargyrius),
1308 553 1455 613 ‘astutia'

583 705 623 782 (in
649 712 747 766 textu:
775 651 920 784 bdlleclo)

365 844 375 855 ·
436 843 447 854 ·
490 805 553 868 447
582 807 649 868 ‘alii
672 808 848 884 quicquam’
873 809 916 887 (ut
932 809 1005 883 Mn)
1029 807 1166 886 ‘legunt'
1191 807 1303 885 (eadem
1320 807 1454 882 Servius)

365 945 376 958 ·
436 943 447 954 ·
490 906 553 970 473
582 912 635 969 ‘iu
653 907 784 982 soliis’
810 908 852 987 (ιιι
874 909 965 990 libri),
989 909 1057 969 ‘alii
1081 909 1182 987 legunt
1204 913 1236 970 iu
1256 911 1375 986 fluviis'

366 1023 378 1057 2
436 1045 447 1055 ·
492 1004 556 1072 540
582 1013 745 1071 ‘lutacius'
770 1009 812 1088 (ιιι
834 1014 940 1086 nur),
965 1011 1159 1072 ‘indomitas'

365 1149 376 1158 -
436 1147 446 1158 -
490 1109 553 1174 548
581 1115 740 1188 ‘capessit'
764 1111 806 1192 (ut
829 1115 874 1191 M)
898 1163 905 1178 .
931 1160 937 1173 .
962 1159 969 1174 .
994 1113 1054 1173 ‘alii
1078 1112 1180 1190 legunt
1198 1114 1387 1187 facessit'
1410 1113 1455 1188 (ut

578 1216 698 1289 rere)
1083 1289 1086 1297 ¹

367 1351 378 1364 ·
440 1351 449 1362 ·
493 1313 557 1378 565
585 1319 689 1392 ‘auec
715 1315 763 1377 alii
786 1315 888 1394 legunt
910 1320 1057 1379 arideu’
1084 1315 1136 1394 (sic
1159 1315 1248 1396 libri).
1341 1369 1343 1374 ,

833 1603 856 1683 a
879 1601 932 1708 ²3:

403 1812 585 1870 Veronensiu
606 1810 721 1870 scholia
744 1809 847 1887 quanti
869 1808 905 1868 ad
928 1809 1060 1870 criticam
1084 1804 1320 1887 Vergilianorum
1349 1809 1456 1870 carmi·

312 1927 383 1972 num
406 1911 571 1979 historiam.
596 1909 632 1969 ad
649 1917 916 1971 commentatorum
933 1912 1092 1990 praecipue
1114 1903 1304 1990 antiquorum
1326 1908 1456 1970 indolem

310 1997 546 2092 cognoscendam
570 2013 714 2072 momenti
738 2013 811 2082 sint,
844 2013 915 2073 satis
945 2031 981 2072 ex
1005 2015 1046 2072 eis
1070 2025 1145 2089 quae
1168 2032 1257 2092 supra
1281 2011 1458 2090 collegimus

311 2114 415 2178 elucet.
463 2113 521 2174 Sed
545 2117 697 2190 quantavis
720 2115 880 2175 auctoritas
903 2133 1007 2175 eorum
1029 2113 1075 2184 sit,
1100 2113 1150 2174 ubi
1173 2117 1262 2175 certis
1287 2113 1459 2174 auctoribus

312 2218 479 2296 scripturae
501 2216 706 2295 proferuntur,
730 2223 829 2278 tamen
853 2215 902 2276 ubi
926 2215 962 2278 ad
985 2216 1128 2277 firmanda
1151 2224 1309 2296 praecepta
1333 2215 1378 2276 vel
1394 2216 1457 2294 opi·

310 2321 416 2380 niones
445 2317 579 2396 exempla
614 2317 791 2387 laudantur,
824 2317 860 2378 de
884 2315 1008 2395 singulis
1038 2317 1196 2388 vocabulis,
1227 2335 1303 2396 quae
1332 2337 1391 2378 non
1420 2316 1457 2376 ad

310 2423 406 2500 ipsam
429 2439 493 2481 rem
516 2421 676 2499 pertinent,
700 2425 786 2480 caute
807 2419 998 2480 iudicandum
1021 2421 1087 2480 erit.
1133 2418 1218 2481 Velut
1239 2423 1310 2482 Aen.
1334 2419 1375 2480 lx
1395 2415 1458 2480 403

312 2541 379 2582 cum
402 2523 497 2600 Asper
518 2519 692 2600 probavisse
715 2521 864 2590 videatur,
895 2527 928 2580 ut
956 2521 1145 2600 supradixi,
1174 2524 1339 2598 suspiciens
1366 2524 1458 2581 altam

311 2628 415 2686 lunam
436 2629 466 2682 et
487 2623 676 2684 distinctione
698 2621 746 2682 hie
768 2621 889 2683 demum
912 2624 1022 2702 posita,
1046 2624 1173 2684 firmarit
1195 2623 1272 2683 hanc
1294 2621 1466 2702 particulae

312 2725 494 2804 copulativae
518 2724 741 2786 collocationem
765 2723 900 2786 versibus
923 2724 1039 2786 duobus
1054 2727 1125 2786 Aen.
1152 2722 1259 2786 11369
1283 2721 1457 2792 ervitte,
1558 2773 1564 2796 ,

311 2829 341 2887 ιιι
365 2825 473 2906 quibus
496 2828 697 2889 necessarium
721 2826 839 2906 quidem
869 2832 929 2896 est,
963 2833 997 2886 ut
1029 2827 1172 2905 scriptum
1201 2834 1247 2887 est
1274 2829 1305 2887 in
1334 2825 1456 2894 scholio,

308 2946 468 3006 pavorque
490 2938 520 2990 et
540 2945 691 3007 superque
713 2927 821 3006 legisse
844 2929 1078 3007 grammaticum,
1103 2928 1155 2989 sed
1170 2929 1338 3002 infundens
1359 2935 1457 3008 poste--

314 3033 395 3092 riore
424 3031 508 3102 loco,
542 3035 576 3092 ut
602 3030 813 3110 interpolatum
848 3037 893 3091 est
920 3031 949 3090 in
972 3030 1104 3091 Mediceo
1134 3038 1164 3092 et
1184 3030 1332 3110 'suppletis
1355 3028 1459 3091 scholii

315 3133 430 3194 lacunis
452 3135 580 3212 positum
604 3131 641 3194 ab
656 3133 691 3194 Η.
709 3131 814 3202 lleilio,
840 3141 939 3194 utrum
961 3132 1056 3211 Asper
1079 3151 1115 3193 an
1138 3134 1189 3212 qui
1212 3133 1457 3194 commentarium

316 3237 379 3298 eius
403 3237 552 3316 excerpsit
573 3253 611 3296 an
634 3234 762 3314 denique
784 3233 924 3295 librarius
945 3231 1080 3294 intulerit
1093 3236 1259 3295 nescimus.

399 3371 461 3431 Nec
490 3377 579 3446 auget
606 3371 730 3432 Medicei
757 3371 962 3432 auctoritatem
996 3369 1074 3446 quod
1108 3369 1144 3430 ad
1165 3371 1238 3432 Aen.
1263 3371 1276 3430 l
1301 3369 1317 3429 l
1351 3371 1382 3430 in
1414 3367 1460 3442 bis

318 3474 494 3533 commentis
523 3491 560 3532 ex
582 3472 653 3533 Aen.
677 3471 727 3532 Vll
748 3468 812 3532 444
840 3471 997 3532 exhibetur
1022 3479 1149 3546 peram,
1185 3480 1216 3532 ut
1247 3473 1279 3532 in
1311 3471 1362 3531 illo
1397 3470 1460 3532 solo

316 3582 472 3653 praeterea
496 3579 584 3644 extat,
608 3591 676 3636 cum
699 3575 857 3651 genuinam
882 3580 1051 3634 ceterorum
1074 3575 1251 3654 scripturam
1272 3581 1379 3649 percrd
1401 3572 1460 3632 llo·

314 3677 400 3738 meri'
414 3674 582 3754 exemplum
605 3681 731 3736 tueatur.

401 3811 477 3872 Item
499 3829 544 3890 ge.
570 3812 583 3872 l
606 3807 648 3873 38
671 3813 803 3891 quamvis
825 3812 857 3872 in
872 3813 959 3890 Aspri
980 3811 1017 3873 ad
1031 3813 1103 3874 Aen.
1127 3811 1166 3872 lX
1188 3807 1251 3872 363
1273 3811 1462 3873 adnotatione

318 3915 361 3975 sic
387 3912 525 3975 laudetur
553 3915 703 3991 ‘quamvis
731 3914 838 3976 lllisios
866 3915 992 3975 miretur
1021 3914 1145 3976 Graecia
1171 3906 1332 3989 sait(us)’,
1361 3920 1462 3974 tamen

318 4021 445 4077 testatur
466 4015 517 4076 ille
539 4023 654 4078 tantum
678 4015 714 4076 de
731 4019 861 4078 Graecia
883 4015 1033 4086 schemate
1055 4022 1207 4095 usurpata,
1229 4019 1325 4077 celtus
1346 4034 1402 4095 pro
1425 4033 1461 4076 eo

321 4116 401 4194 quod
424 4117 543 4179 codices
565 4124 669 4193 tenent
689 4135 812 4195 compos
833 4117 879 4177 vel
902 4119 966 4194 ipse
981 4119 1124 4179 memoria
1140 4117 1231 4180 lalsus
1245 4116 1291 4178 rel
1306 4119 1357 4196 qui
1373 4117 1461 4178 rerba

319 4221 383 4280 eius
405 4219 565 4300 descripsit
591 4219 778 4298 neglegentia
805 4217 1002 4297 interpolasse
1030 4219 1187 4281 videbitur.
1237 4219 1310 4280 Nam
1338 4237 1463 4297 prorsus

318 4328 352 4382 ut
372 4320 459 4383 libuit
481 4321 629 4402 supplevit
650 4321 807 4382 scholiasta
829 4321 930 4381 nescio
960 4321 1026 4399 quis
1056 4321 1091 4382 ad
1113 4322 1186 4383 Aen.
1208 4321 1221 4381 l
1245 4318 1262 4382 1
1286 4321 1462 4382 sententiam

320 4441 388 4485 oum
412 4408 537 4486 canendi
559 4422 683 4485 verbum
716 4440 771 4501 pro
800 4422 984 4484 vaticinando
1013 4423 1151 4503 usurpari
1177 4421 1321 4503 probaret
1340 4425 1412 4485 Aen.
1436 4422 1463 4484 ll
