3172 5038
246 383 249 390 '
337 375 400 440 368
786 398 1028 442 enonsoouuun.

336 564 427 623 movit
442 563 616 624 vocabulum
632 567 722 639 ultre,
748 565 826 643 quod
849 584 909 626 non
932 565 1022 627 credo
1046 574 1126 626 recte
1149 569 1292 646 componi
1315 587 1383 630 cum
1406 570 1478 630 acci·
1561 647 1562 652 η

338 664 438 742 piendi
462 665 562 726 verbo.
608 666 716 726 Damus
739 665 901 727 obierimus
924 667 1086 727 adserimus
1108 669 1252 730 mittimus
1280 671 1412 748 petimus
1434 689 1478 729 oc-

337 767 486 826 currimus
511 768 641 827 venimus
657 767 797 828 adsumus
812 769 940 846 fugimus
956 768 1092 828 adlamur
1108 767 1195 839 ultro,
1220 770 1272 830 sed
1289 773 1341 850 qui
1357 775 1477 847 accipit,

337 869 471 944 sequitur
494 867 674 929 voluntatem
697 867 830 938 alterius
855 887 927 947 ergo
950 868 1023 929 nihil
1048 867 1123 929 ultra
1147 870 1175 930 id
1198 871 1269 931 lacit
1292 871 1370 950 quod
1393 871 1479 931 voluit

336 968 418 1029 alter.
465 970 573 1031 Contra
596 973 695 1030 ascire
717 970 795 1030 ultro
810 971 983 1049 priusquam
998 972 1133 1049 accipere
1155 990 1296 1050 cogamur
1311 979 1394 1032 recte
1411 973 1478 1032 dici·

336 1088 412 1140 mur,
436 1069 603 1149 legiturque
620 1071 676 1130 hoc
691 1072 790 1150 ipsum
807 1075 966 1132 ‘asciverit
981 1075 1077 1132 ultro'
1094 1072 1147 1132 Xll
1162 1069 1234 1140 613,
1260 1071 1310 1133 ubi
1327 1091 1363 1132 ex
1379 1082 1477 1133 nostro
1560 1079 1561 1098 ³

335 1171 400 1232 loco
424 1172 481 1231 duo
505 1172 641 1233 versiculi
663 1172 835 1250 interpolati
857 1181 927 1233 sunt
949 1173 980 1232 in
1002 1191 1048 1251 εχ.
1103 1173 1163 1255 Nee
1186 1176 1285 1252 magui
1308 1175 1384 1236 lacio
1409 1193 1478 1253 quae

336 1275 475 1352 opposuit
491 1292 587 1352 nuper
602 1273 774 1342 Ladevious,
798 1291 854 1333 nec
878 1292 1001 1334 uxorem
1018 1273 1167 1334 Lauiniam
1190 1292 1245 1334 nec
1269 1282 1301 1334 ut
1323 1277 1354 1335 in
1377 1275 1477 1336 urbem

334 1376 519 1453 acciperetur
541 1377 680 1453 petivisse
694 1378 822 1435 Aenean.
853 1375 972 1452 Spectat
994 1377 1074 1435 enim
1094 1393 1238 1450 generum
1261 1376 1298 1436 ad
1322 1383 1477 1455 utrumque

336 1475 468 1544 verbum,
493 1493 561 1535 nam
585 1485 615 1536 et
636 1475 841 1539 asciscendum
863 1493 1007 1553 generum
1039 1486 1068 1536 et
1095 1478 1301 1557 accipiendum
1324 1481 1412 1555 regni
1434 1497 1476 1538 so·
1563 1543 1564 1562 .

334 1577 412 1635 cium
436 1577 527 1637 luisse
549 1595 616 1637 sero
639 1576 784 1654 intellegit
796 1565 928 1638 Latinus,
1015 1575 1118 1638 Debile
1142 1577 1256 1639 videtur
1279 1579 1360 1656 quod
1384 1581 1477 1639 exlio

335 1677 394 1753 legi
416 1677 493 1738 solet
516 1677 553 1737 Xl
576 1674 637 1738 728

738 1767 905 1824 Tarchonem
928 1769 956 1822 in
978 1769 1081 1841 proelia
1104 1785 1182 1825 saeva

536 1853 651 1908 suscitat
674 1860 701 1908 et
724 1851 841 1908 stimulis
865 1853 930 1908 haut
953 1852 1080 1908 mollibus
1102 1856 1181 1910 inicit
1204 1853 1265 1908 iras.

334 1965 395 2025 Nec
427 1968 548 2026 omniuo
581 1967 740 2046 quidquam
775 1965 903 2028 stimulis
936 1968 1057 2045 proprie
1096 1969 1230 2036 inicitur,
1280 1967 1333 2026 sed
1370 1967 1477 2026 luditur
1564 1963 1565 1974 ’

334 2068 449 2127 acuitur
484 2069 579 2145 agitur
607 2067 763 2129 lacessitur
797 2069 910 2128 excitur
945 2069 1089 2128 excitatur
1122 2061 1262 2145 arrigitur¹
1296 2071 1475 2128 concutitur:
1563 2057 1565 2072 ⁴

333 2169 494 2228 iniciuntur
507 2168 675 2230 adiciuntur
694 2168 879 2230 subiciuntur
899 2169 1049 2229 adduntur
1066 2169 1233 2228 subduntur
1250 2178 1408 2228 moventur
1420 2187 1476 2227 rer-

334 2278 436 2330 tuutur
458 2271 516 2348 ipsi
539 2270 660 2330 stimuli.
706 2269 785 2348 Ergo
807 2272 838 2329 ln
862 2270 967 2330 eodem
989 2270 1065 2329 libro
1088 2266 1185 2330 v.451
1197 2289 1239 2349 sq.
1253 2277 1341 2348 poeta
1358 2271 1476 2348 scripsit

536 2375 672 2448 extemplo
696 2375 795 2431 turbati
819 2377 900 2431 animi
922 2390 1119 2446 concussaque
1142 2374 1214 2448 volgi

534 2468 646 2533 pectora
669 2468 697 2516 et
719 2467 853 2516 arrectae
877 2459 993 2515 stimulis
1017 2459 1088 2514 haud
1111 2459 1238 2515 mollibus
1261 2461 1326 2514 irae.

332 2559 419 2636 Atqui
443 2565 544 2616 nostro
568 2556 633 2617 loco
655 2557 733 2617 lacili
757 2576 861 2617 errore
884 2556 1023 2617 librarius
1044 2556 1197 2636 archetypi
1220 2556 1357 2616 codicum
1375 2557 1477 2633 MPyd

334 2659 368 2716 ad
402 2660 466 2718 eius
494 2657 573 2734 quod
600 2660 631 2718 ln
661 2661 806 2739 principio
837 2677 940 2718 versus
967 2658 1076 2736 legitur
1104 2661 1228 2717 suscitet
1256 2656 1477 2716 similitudinem

333 2763 439 2819 incitat
462 2759 594 2828 tradidit,
618 2760 697 2820 unde
714 2759 774 2820 leni
791 2759 906 2820 medela
919 2760 1055 2820 Heinsius
1071 2759 1149 2838 quod
1165 2760 1312 2818 sermonis
1325 2777 1381 2818 usu
1402 2758 1476 2834 flagi--
1566 2757 1567 2798 l

332 2868 411 2920 tatur
433 2863 571 2921 incutit
593 2860 699 2920 effecit.
734 2862 817 2932 Quod
834 2863 859 2920 si
878 2879 978 2920 verum
993 2869 1053 2929 est,
1066 2859 1114 2919 hic
1127 2877 1244 2937 quoquc
1257 2869 1289 2919 ut
1301 2860 1474 2938 saepissime

331 2963 478 3038 glossema
494 2963 616 3040 irrepsit
632 2962 662 3022 in
681 2963 718 3022 R.
787 2962 873 3032 Quod
886 2964 957 3022 Aen.
974 2960 1027 3020 Xll
1038 2959 1080 3022 55
1092 2960 1177 3021 libris
1189 2962 1337 3038 Mliylredt
1354 2960 1475 3020 traditur

539 3076 568 3123 at
590 3084 618 3123 re
640 3070 684 3123 ina
707 3109 713 3121 .
738 3109 745 3122 .
770 3114 775 3126 .
800 3109 809 3124 .

540 3085 671 3208 llebatget
694 3152 832 3207 ardentem
855 3168 986 3225 generum
1009 3154 1148 3207 moritura
1173 3149 1282 3206 tenebat

337 3241 459 3310 ¹sensum
474 3249 606 3317 haberet,
631 3251 665 3318 si,
690 3257 845 3329 postquam
861 3249 971 3310 frustra
994 3256 1115 3327 precata
1139 3256 1217 3308 esset
1231 3248 1375 3316 Turnum,
1402 3265 1476 3307 mor-

334 3360 393 3410 tem
417 3351 473 3411 sibi
504 3353 666 3427 paravisset
688 3353 798 3412 Amata.
850 3349 953 3429 Neque
983 3352 1060 3408 enim
1089 3349 1165 3409 solet
1191 3355 1278 3428 poeta
1308 3349 1476 3408 inminentis

334 3454 438 3512 mortis
462 3454 643 3512 mentionem
667 3453 764 3512 lacere
794 3453 850 3512 nisi
879 3450 930 3511 ubi
958 3453 1056 3510 statim
1086 3457 1282 3510 consecutura
1313 3459 1370 3508 est:
1411 3465 1477 3525 ergo

334 3554 469 3613 Priamus
492 3555 588 3613 lertur
610 3555 772 3613 moriturus
793 3554 824 3612 iu
847 3553 948 3612 hostes
970 3551 996 3611 ll
1017 3550 1094 3620 511,
1125 3553 1196 3611 item
1224 3549 1273 3610 alii
1304 3551 1333 3609 in
1363 3550 1476 3628 proelio

335 3653 373 3713 lX
397 3649 470 3712 398.
492 3651 553 3714 511
587 3654 613 3714 X
636 3651 696 3714 881
731 3653 770 3712 lll
793 3649 863 3727 741,
888 3654 958 3712 item
977 3653 1048 3712 llido
1072 3655 1214 3712 ‘testatur
1230 3651 1377 3712 moritura
1395 3651 1476 3710 deos’

334 3751 753 3829 1111519(01.415.604)‚
790 3762 818 3813 et
850 3757 914 3833 ipsa
933 3755 1050 3831 'regina
1085 3754 1162 3813 iulra
1184 3751 1235 3812 ubi
1260 3770 1328 3811 vere
1351 3763 1475 3812 mortem

334 3855 395 3914 adit
417 3855 470 3915 Xll
492 3853 555 3916 602
578 3857 743 3917 ‘moritura
767 3874 855 3916 manu
871 3855 1012 3915 discindit
1027 3857 1151 3914 amictus
1167 3861 1196 3914 et
1211 3853 1321 3912 nodum
1342 3853 1477 3912 iulormis

334 3955 384 4014 leti
407 3955 491 4016 trabe
514 3959 606 4017 nectit
628 3958 664 4017 ab
687 3956 773 4017 alta'.
827 3957 885 4016 Sed
914 3955 962 4015 hio
990 3956 1159 4033 praesagire
1189 3960 1315 4014 mortem
1345 3954 1476 4031 ineptum

336 4065 408 4117 erat.
441 4058 551 4118 Contra
569 4067 636 4136 apte
660 4058 726 4118 addi
750 4065 865 4136 poterat
882 4056 1002 4116 verbum
1027 4055 1106 4133 quod
1130 4053 1324 4131 sequentibus
1339 4055 1478 4134 precibus

333 4160 520 4237 praelaretur
547 4163 713 4233 monitura,
747 4158 825 4236 quod
850 4159 978 4217 restitui:
1009 4157 1046 4216 de
1073 4154 1241 4234 corruptela
1270 4157 1307 4215 cl.
1331 4155 1384 4215 llll
1406 4151 1475 4214 436.

420 4259 461 4319 ue
484 4260 619 4320 versibus
643 4259 686 4318 vel
710 4261 819 4338 spuriis
841 4258 884 4318 vel
910 4257 1139 4336 transponendis
1156 4256 1200 4316 vel
1217 4255 1394 4335 supplendis
1416 4255 1477 4316 aliis

334 4360 408 4420 locis
431 4361 568 4420 disserui.
