3276 5050
316 395 357 460 90
765 419 1010 462 Pnonssounus.

315 585 395 655 bant,
420 587 512 647 immo
535 585 629 648 multo
651 585 838 666 probabilius
861 587 896 648 ad
918 586 993 648 Aelii
1008 587 1128 658 Melissi,
1153 589 1465 668 qui‘Gelliimemoria

315 689 424 748 summi
446 687 504 749 loci
526 691 605 750 inter·
628 693 839 767 grammaticos
861 689 984 750 Romae
998 698 1076 760 erat,
1107 693 1215 769 scripta
1240 692 1393 772 complura
1417 711 1463 752 re·

208 844 211 854 .
315 791 459 860 leruntur,
483 811 560 870 quae
583 791 695 852 Gellius
718 791 811 854 XVIII
838 787 857 850 6
881 795 1123 854 commemoravit
1146 793 1193 874 (cl.
1218 793 1464 856 Kretuschmerus
1501 788 1502 792 ’

316 890 353 951 (1(
376 891 465 952 Gellii
487 894 561 954 font.
584 913 614 973 p.
639 891 700 972 93).

400 994 460 1056 Sed
493 1003 526 1056 ut
558 995 679 1056 redeam
707 995 742 1056 ad
771 995 905 1066 Varium,
940 999 1016 1058 scitu
1044 1016 1115 1060 sane
1146 999 1269 1076 dignum
1300 1008 1357 1068 est,
1392 1017 1462 1061 num

315 1115 403 1176 quiam
425 1099 488 1176 ipse
511 1098 548 1158 (1(
571 1097 707 1160 mandata
730 1098 786 1159 sibi
809 1097 845 1158 ab
860 1101 991 1178 Augusto
1015 1118 1105 1180 opera
1126 1102 1272 1161 rationem
1288 1101 1462 1162 reddiderit.

315 1199 480 1270 Quodnisi
508 1200 627 1269 fecerit,
658 1200 702 1260 vel
732 1202 869 1278 exiguam
897 1210 1030 1263 nostram
1060 1203 1096 1263 de
1124 1202 1302 1264 schedarum
1333 1203 1369 1264 ab
1397 1206 1463 1283 ipso

314 1308 401 1381 poeta
423 1301 596 1362 relictorum
612 1302 786 1371 condicione
799 1304 934 1364 notitiam
951 1304 1103 1365 latendum
1128 1306 1184 1365 erit
1206 1305 1263 1365 tide
1286 1306 1350 1365 iere
1373 1305 1469 1366 desti:

313 1408 405 1464 tutam
429 1422 505 1464 esse.
550 1406 646 1482 Atque
669 1411 808 1465 constare
830 1405 904 1464 mihi
926 1403 998 1464 nihil
1021 1405 1138 1467 videtur
1160 1408 1218 1466 nisi
1240 1409 1271 1466 in
1288 1408 1458 1468 universnm

314 1505 481 1584 professum
511 1525 577 1568 esse
607 1506 755 1586 quomodo
785 1513 897 1567 textum
927 1506 1025 1568 edero·
1046 1509 1222 1568 instituerit:
1248 1508 1365 1588 dequo
1389 1527 1459 1570 con-

314 1608 428 1686 spirant
451 1601 513 1669 lere
537 1610 712 1670 testimonia.

398 1709 471 1771 Nem
495 1701 629 1788 Suetonii
652 1710 724 1771 illud
748 1711 831 1788 quod
849 1729 940 1790 supra
963 1711 1146 1790 descriptum
1169 1711 1205 1772 ad
1228 1714 1308 1774 Varii
1330 1693 1457 1774 auctori·

315 1819 403 1872 tatem
426 1811 542 1882 rettuli,
572 1813 740 1873 summatim
764 1805 894 1873 Aeneida
916 1812 953 1873 ab
977 1808 1012 1872 eo
1042 1813 1241 1883 emendatam,
1256 1813 1458 1875 hemistichia

315 1921 495 1976 autemnon
520 1914 657 1994 suppleta
681 1933 761 1985 esse,
791 1915 983 1975 confirmatur
1011 1922 1040 1975 et
1061 1915 1234 1994 Hieronymi
1256 1917 1327 1976 item
1351 1915 1457 1976 Sueto-

314 2016 411 2077 nianis
434 2018 527 2096 copiis
554 2005 600 2077 usi
628 2015 664 2076 de
687 2017 775 2077 Vario
800 2023 829 2076 et
850 2017 948 2078 Tricca
973 2016 1070 2077 verbis
1093 2015 1139 2077 his
1163 2017 1202 2097 (p.
1226 2015 1267 2078 48
1290 2017 1354 2098 R.):
1390 2019 1459 2097 ‘qui
1508 2049 1510 2066 ι

314 2118 460 2179 Aeneidos
474 2129 576 2198 postea
594 2117 687 2179 libros
701 2120 900 2180 emendarunt
919 2119 973 2179 suh
993 2122 1061 2193 lege
1081 2137 1119 2179 ea
1140 2126 1173 2178 (11
1194 2121 1271 2180 1117111
1293 2122 1457 2181 adderent'

315 2225 344 2278 et
365 2219 454 2298 paulo
476 2219 594 2298 plenius
617 2221 736 2300 quIdem
761 2221 896 2282 Serviani
918 2221 1065 2299 prooemii
1087 2219 1145 2280 hoc
1173 2220 1257 2280 loco:
1287 2220 1458 2298 ‘Augustus

315 2339 384 2382 vero
407 2327 582 2383 nolentum
605 2341 679 2402 opus
702 2325 815 2402 periret
838 2323 965 2383 Tuccam
994 2329 1023 2382 et
1045 2323 1166 2384 Varium
1194 2324 1254 2383 leae
1280 2325 1347 2397 lepe
1375 2326 1460 2384 iussit

314 2425 490 2500 emendare,
524 2431 556 2486 ut
577 2430 733 2502 superfluo
756 2427 918 2499 demerent,
948 2426 1024 2484 nihil
1046 2426 1195 2484 adderent
1221 2427 1350 2485 tamen)
1400 2423 1458 2484 Sed

314 2523 372 2584 hoc
393 2527 492 2603 ipsum
515 2527 595 2606 quod
618 2529 685 2587 novi
702 2529 787 2589 ‘inest
808 2528 838 2587 in
861 2527 918 2586 hoo
942 2526 1111 2586 testimonio
1135 2542 1192 2602 quo
1214 2525 1271 2586 fide
1294 2526 1405 2586 dictum
1421 2527 1460 2586 sit

316 2626 398 2686 valde
421 2627 542 2688 dubium
567 2628 692 2690 videtur.
742 2629 815 2690 Nam
845 2627 1047 2688 detractorum
1075 2646 1212 2688 versuum
1243 2627 1377 2707 exempla
1400 2627 1458 2688 duo

315 2729 393 2808 apud
417 2729 551 2790 Servium
576 2732 786 2810 proteruntur,
815 2747 942 2809 quorum
965 2731 1049 2808 prins
1072 2736 1213 2809 quattuor
1235 2730 1278 2791 illi
1301 2732 1352 2808 qui
1374 2731 1457 2810 prin·

315 2833 427 2911 cipium
447 2833 588 2894 heiluidis
610 2833 814 2912 deturpavisse
836 2833 972 2892 teruntur
996 2849 1101 2892 versus
1123 2840 1207 2893 sunt:
1240 2883 1241 2886 ,

509 2989 555 3046 ille
578 3007 645 3064 ego,
671 2989 717 3064 qui
741 2989 876 3064 quondam
964 3032 971 3045 .
994 2989 1133 3046 horrentia
1155 2990 1258 3046 Martis.

400 3141 436 3200 nt
459 3139 495 3199 de
517 3138 564 3198 his
586 3141 659 3218 ipsis
681 3140 802 3201 Varium
826 3157 885 3199 non
909 3146 1049 3200 testatum
1081 3157 1147 3200 esse
1178 3133 1265 3198 docet
1286 3137 1456 3206 Suetonius,

316 3242 367 3318 qui
383 3242 489 3302 Nisum
513 3241 549 3301 dc
572 3241 627 3302 hac
651 3243 714 3302 eius
737 3241 944 3302 emendatione
967 3239 1095 3300 lahulam
1110 3242 1276 3300 narravisse
1291 3241 1331 3298 ita
1353 3240 1456 3307 refert,

315 3351 348 3403 ut
369 3342 459 3402 fidem
482 3344 545 3402 eius
568 3351 719 3422 praestare
742 3342 823 3403 nullo
846 3341 935 3402 modo
959 3342 1106 3401 videatur:
1140 3360 1238 3421 neque
1266 3343 1344 3401 enim
1360 3351 1456 3401 'acce-

315 3445 394 3524 pisse
416 3444 536 3514 Nisum,
571 3445 624 3505 sed
652 3445 788 3506 ‘olebat'
818 3445 926 3523 inquit,
962 3447 1016 3502 ‘se
1032 3461 1063 3528 (1
1089 3446 1257 3504 senioribus
1278 3445 1456 3520 accepisse'.

315 3545 401 3606 Nisus
430 3552 528 3606 autem
554 3547 601 3621 (cf.
628 3545 862 3606 Graelenhanius
889 3545 956 3604 hist.
985 3542 1087 3624 philol.
1110 3543 1227 3606 111183
1250 3544 1306 3624 sq.)
1335 3563 1373 3604 ne
1401 3563 1458 3622 quo

315 3656 451 3726 tempore
473 3647 592 3726 quidem
608 3649 723 3708 ,vixerit
744 3654 881 3730 accurate
903 3647 1002 3725 p'otest
1024 3644 1149 3716 deliniri,
1174 3649 1229 3707 nisi
1250 3647 1330 3726 quod
1346 3665 1362 3707 a
1376 3646 1459 3708 Velio

316 3750 419 3826 Longo
451 3747 574 3810 secundi
605 3749 718 3810 saeculi
752 3750 946 3826 grammatico
978 3748 1128 3808 laudatum
1161 3748 1366 3827 artigraphum
1399 3766 1460 3808 non

315 3850 478 3929 ignobilem
501 3857 652 3912 mortuum
675 3851 765 3912 luisse
787 3867 910 3912 necesse
940 3858 998 3920 est,
1036 3869 1102 3910 curn
1132 3849 1168 3910 de
1197 3851 1267 3910 viris
1295 3847 1460 3910 illustribus

317 3952 410 4014 libros
432 3952 488 4023 vel,
513 3961 545 4014 ut
567 3951 736 4030 diligentius
758 3952 870 4021 dicam,
901 3971 968 4014 cum
992 3949 1111 4030 Vergilii
1132 3953 1222 4012 vitam
1245 3953 1364 4031 scripsit
1386 3950 1459 4011 Sue·

318 4057 425 4126 tonius,
449 4057 478 4116 h.
503 4074 529 4116 e.
552 4063 620 4135 post
642 4073 752 4116 annum
770 4051 829 4116 106
845 4054 893 4130 (ci.
910 4054 1011 4115 Rotlrii
1025 4054 1120 4134 prael.
1136 4055 1173 4115 ad
1189 4054 1272 4114 Suet.
1288 4073 1318 4134 p.
1335 4052 1458 4128 LXXII).

316 4157 355 4217 Ut
376 4175 415 4218 ne
437 4157 467 4218 id
490 4156 610 4237 quidem
634 4163 763 4228 constet,
793 4159 941 4227 seniores,
977 4175 993 4217 a
1016 4155 1125 4236 quihus
1147 4154 1221 4216 illud
1249 4174 1282 4216 se
1310 4155 1460 4234 accepisse

317 4258 423 4328 aiebat,
446 4261 545 4338 ipsum
569 4259 687 4320 Varium
709 4260 827 4342 novisse
849 4265 900 4319 aut
922 4265 1004 4319 certa
1025 4258 1083 4320 lide
1106 4257 1143 4318 dc
1165 4275 1257 4337 opere
1280 4259 1342 4318 eius
1357 4257 1459 4316 testari

317 4363 458 4442 potuisse.
490 4362 599 4423 Contra
624 4379 693 4422 vero
717 4361 852 4440 aequales
867 4360 988 4439 Vergilii
1010 4380 1070 4422 non
1093 4360 1172 4422 aliud
1195 4361 1350 4439 agnovisse
1372 4365 1458 4438 atque

318 4463 397 4542 qrrod
419 4465 449 4525 in
478 4464 587 4526 nostris
614 4461 699 4526 libris
728 4471 842 4525 tantum
876 4481 935 4524 non
969 4462 1106 4525 omnihus
1138 4462 1255 4542 legitur·
1278 4460 1457 4542 principium
