3212 5042
586 461 831 508 raonaoonenn.
1257 427 1284 503 ’3Δ

138 634 306 694 coniectura
331 633 378 711 (cl.
403 631 570 694 lllausenus
598 635 636 694 de
658 636 756 696 Aenea
785 641 815 694 et
836 633 992 712 penatibus
1014 631 1026 692 1
1048 627 1111 693 530
1133 629 1219 713 sqq.),
1245 577 1307 692 ad'

20 787 22 824 3
100 758 103 767 ¹
136 737 200 814 ipsa
222 735 281 796 divi
303 733 369 795 lulli
391 733 527 796 natalicia
550 753 576 798 a.
600 736 628 797 d.
651 735 688 797 lV
703 735 777 797 Non.
802 733 855 796 lul.
880 731 1284 813 anni712primumsacris

137 837 314 899 celebranda
337 845 388 899 aut
411 856 470 899 non
492 840 533 900 ita
555 837 648 900 multo
671 845 740 916 post
762 836 895 916 eclogam
923 837 1056 916 quintam
1085 836 1282 916 compositam

137 958 210 1010 esse,
233 957 337 1001 verum
361 941 501 1002 adsecuta
524 948 611 1002 esset.

218 1044 294 1104 Nam
317 1049 456 1122 poterant
479 1041 583 1104 eodem
606 1062 685 1105 anno
701 1045 789 1104 etiam
806 1061 882 1121 quae
903 1044 1037 1121 quintam
1060 1046 1284 1104 antecesserunt

136 1145 264 1206 secunda
293 1154 323 1205 et
354 1147 440 1206 tertia
469 1145 590 1207 absolvi.
643 1147 773 1218 Quarum
800 1147 898 1226 prior,—
928 1149 954 1208 si
983 1145 1118 1208 ordinem
1153 1147 1190 1208 ab
1218 1148 1284 1224 ipso

20 1291 21 1296 1
135 1255 221 1326 poeta
243 1246 299 1307 tl.
324 1247 485 1308 indicatum
508 1249 669 1328 sequimur,
700 1248 835 1310 habenda
859 1257 904 1310 est
925 1251 1099 1310 secunda.
1145 1249 1206 1311 Nec
1229 1269 1284 1330 per

136 1367 167 1410 se
189 1351 296 1420 obstat,
326 1350 405 1429 quod
427 1349 507 1411 idern
531 1369 645 1412 summa
669 1357 786 1412 aestate·
804 1352 919 1412 cantari
941 1351 1107 1430 Corydonis
1133 1351 1282 1430 querellas

137 1469 160 1510 1.
182 1447 202 1512 8
226 1469 290 1532 sqq.
316 1448 367 1512 66.
391 1449 441 1523 70,
465 1471 557 1515 verno
581 1461 717 1534 tempore
740 1453 900 1516 Damoetae
929 1461 958 1514 et
979 1453 1130 1515 Menalcae
1153 1455 1283 1516 earmina

136 1553 295 1614 amoebaea
322 1550 433 1631 (11156
456 1557 531 1636 sqq.)
555 1556 659 1617 voluit.
706 1555 764 1618 Sed
795 1558 891 1636 possit
912 1555 999 1618 facile
1028 1556 1102 1617 01110
1126 1557 1215 1616 etiam
1238 1557 1283 1616 in·

137 1657 218 1716 verti.
266 1656 299 1716 ln
323 1654 371 1715 illa
395 1663 493 1717 autem
516 1659 699 1738 pervulgata,
729 1667 762 1719 ut
784 1659 917 1730 videtur,
948 1667 977 1720 et
1004 1659 1126 1720 minime
1155 1657 1283 1720 absurda

137 1758 291 1820 bominum
316 1757 534 1836 elegantiarum
558 1764 619 1821 sive
642 1762 743 1841 opinio
767 1763 828 1822 sive
851 1761 974 1822 scientia
999 1767 1062 1822 erat
1077 1760 1207 1822 Alexidis
1230 1779 1283 1820 no-

136 1857 215 1922 mine
245 1875 366 1922 servum
397 1861 545 1940 quendam
569 1864 663 1924 Asinii
685 1862 843 1933 Pollionis,
867 1863 1083 1930 Alexandrum,
1114 1863 1283 1941 significari,

20 1977 22 1982 '
137 1965 237 2040 ‘quem
261 1960 410 2039 Vergilius
432 1973 555 2041 rogatus
569 1965 614 2048 ,ad
636 1964 796 2044 prandium
818 1983 886 2026 cum
915 1964 1036 2026 vidisset
1064 1965 1094 2024 in
1117 1965 1284 2025 ministerio

136 2067 269 2126 omnium
299 2061 553 2142 pulcherrimum'
587 2075 615 2128 et
643 2067 823 2137 adamasset,
858 2067 937 2128 dono
971 2067 1007 2128 ab
1041 2085 1093 2128 ero
1122 2068 1286 2146 accepisset

137 2168 270 2245 (Servius
293 2165 330 2226 ad
361 2165 414 2226 ecl.
444 2166 470 2227 ll
495 2165 522 2229 1.
549 2165 589 2229 15
617 2167 708 2230 schol.
733 2170 822 2230 Bern.
848 2169 902 2230 ecl.
926 2166 992 2229 111
1024 2169 1156 2230 Donatus
1178 2187 1207 2248 p.
1231 2164 1283 2235 57.

137 2268 152 2329 1
175 2270 233 2349 lt).
281 2268 337 2329 Cui
358 2267 522 2329 narrationi
546 2271 597 2348 qui
619 2269 872 2350 locupletissimus
895 2271 980 2332 testis
1004 2272 1133 2332 existere
1155 2277 1280 2350 poterat,

135 2371 328 2451 Propertius,
353 2387 419 2429 eum
435 2369 525 2432 huius
540 2373 633 2451 ipsius
650 2367 1284 2450 00111ἰυί51110108.11133,13111011110110111

135 2474 249 2534 laceret
262 2470 367 2550 ,t‘telix
388 2473 531 2534 intactum
554 2473 691 2554 Corydon
714 2475 764 2554 qui
786 2481 911 2554 temptat
935 2474 1040 2536 Alexin
1062 2473 1210 2554 agricolae
1233 2473 1285 2534 do·

135 2577 207 2636 mini
231 2591 358 2653 carpere
380 2572 533 2654 delicias’),
558 2593 624 2636 eum
641 2595 711 2637 sane
734 2576 897 2637 dolendum
912 2577 1043 2638 estnihil
1061 2576 1208 2638 eiusmodi
1223 2593 1285 2636 me·

135 2679 249 2739 moriae
271 2673 403 2755 prodere
425 2675 577 2738 voluisse(
611 2679 675 2749 Quo
699 2677 838 2740 disertior
860 2681 893 2739 in
920 2697 1046 2740 munere
1075 2679 1126 2740 illo
1155 2679 1285 2758 gratioso

136 2777 340 2859 praedicando
363 2777 503 2840 Martialis
537 2780 569 2858 (V
599 2777 639 2840 16
669 2777 784 2842 11129
811 2780 875 2841 Vlll
896 2779 1044 2862 0012),
1074 2781 1188 2851 sedis,
1219 2799 1284 2842 eum

136 2883 342 2944 Maecenatem
362 2896 420 2956 pro
436 2879 570 2941 Pollione
592 2883 736 2952 nominet,
760 2899 849 2961 vagos
872 2901 905 2944 se
927 2885 1022 2962 magis
1043 2901 1182 2945 rumores
1198 2899 1284 2961 quam

137 2984 282 3046 historiae
305 2981 394 3043 fidem
417 2985 501 3062 sequi
523 2984 630 3045 lassus.
675 2984 750 3056 Quid
775 2985 971 3063 quodetiam
995 2987 1129 3047 Caesaris
1158 3003 1285 3066 puerum

138 3087 267 3167 aliquem
291 3092 380 3162 atque
403 3085 477 3146 adeo
492 3087 649 3148 Caesarem
665 3088 762 3166 ipsum
778 3086 852 3148 alios
876 3087 1033 3167 protulisse
1054 3088 1132 3167 apud
1149 3087 1285 3148 Servium

134 3190 275 3269 legimus.
322 3189 358 3248 At
379 3187 436 3250 tide
460 3188 578 3268 dignior
599 3188 756 3268 Apuleius,
788 3191 838 3266 qui
865 3191 896 3250 in
925 3188 1026 3250 libello
1050 3189 1286 3267 elegantissimae

139 3293 294 3354 doetrinae
318 3296 348 3348 et
368 3289 477 3351 multae
500 3290 652 3362 lectionis,
683 3290 848 3370 apologiam
872 3292 953 3360 dieo,
984 3288 1156 3352 0101000
1181 3291 1286 3352 eodem

139 3413 198 3474 quo
222 3391 452 3454 memorabilem
474 3393 511 3453 de
533 3392 640 3454 Lesbia
664 3393 769 3455 Catulli
793 3400 822 3454 et
837 3393 961 3474 Cynthia
977 3394 1126 3472 Propertii
1149 3394 1284 3456 notitiam

138 3497 283 3572 inseruit,
324 3494 374 3555 illa
408 3513 528 3574 qnoque
562 3495 599 3556 de
632 3495 753 3558 Alexide
786 3495 916 3557 Maronis
949 3496 1136 3558 confidenter
1169 3497 1284 3575 posuit:
1331 3530 1333 3536 ν

140 3599 263 3678 ‘quanto
288 3596 453 3658 modestius
480 3597 600 3666 tandem
623 3597 800 3660 Mantuanus
828 3606 931 3678 poeta,
962 3599 1013 3676 qui
1039 3597 1142 3680 itidem
1169 3607 1202 3658 ut
1231 3615 1286 3676 ego

140 3715 267 3782 puerum
291 3701 378 3762 amici
401 3701 447 3762 sui
469 3699 611 3760 Pollionis
634 3699 769 3761 bucolico
791 3700 906 3761 ludicro
935 3699 1059 3761 laudans
1082 3707 1111 3760 et
1134 3699 1287 3760 abstinens

140 3806 297 3865 nominum
327 3819 394 3864 sese
423 3801 543 3882 quidem
567 3802 770 3883 Corydonem,
799 3821 925 3884 puerum
955 3821 1026 3863 vero
1048 3801 1288 3872 Alexinvocat.'

142 3909 331 3984 Quamquam
361 3905 566 3984 exemplorum
595 3903 803 3966 similitudines
831 3908 881 3986 qui
908 3911 1042 3986 captaret
1070 3904 1177 3981 quibus
1204 3923 1288 3964 suam

140 4028 261 4072 causam
284 4015 436 4078 tueretur,
472 4027 545 4069 num
572 4009 599 4069 is
627 4009 692 4088 ipse
722 4009 753 4069 in
782 4007 848 4069 talis
876 4015 1142 4070 commentatorum
1170 4006 1287 4067 tabulae

141 4115 298 4174 veritatem
322 4109 494 4190 diligentius
515 4111 693 4189 inquisierit,
718 4129 765 4181 an,
789 4113 816 4172 si
838 4113 995 4192 inquisivit,
1020 4129 1053 4170 ea
1076 4117 1191 4170 tantum
1213 4127 1288 4189 quae

142 4235 209 4277 vera
233 4233 299 4276 esse
323 4211 381 4274 sibi
403 4214 468 4293 ipse
491 4212 578 4274 lacile
600 4221 801 4293 persuaserat,
825 4213 996 4293 protulerit,
1021 4213 1088 4290 quis
1104 4210 1198 4272 dicati
1229 4210 1288 4272 Sed

142 4323 235 4380 restat
257 4333 350 4386 unus,
379 4317 427 4376 cui
455 4317 555 4378 securi
585 4315 709 4378 credere
732 4333 906 4396 possumne,
935 4316 1085 4384 Donatus,
1116 4315 1140 4376 si
1168 4312 1286 4393 quidem

143 4439 217 4499 quae
241 4420 307 4479 eius
330 4420 450 4478 nomine
478 4416 654 4480 inscribitur
683 4421 772 4480 vitam
794 4417 996 4497 Vergilianam
1027 4416 1152 4478 resectis
1179 4417 1286 4495 pannis

142 4520 329 4602 interpolatis
352 4540 369 4581 a
392 4520 517 4582 Suetoni
540 4521 648 4601 quide
672 4523 768 4600 poetis
790 4519 899 4581 librum
931 4519 1025 4580 bonae
1049 4519 1142 4593 frugis
1164 4513 1286 4596 plenum

1043 4618 1083 4678 1*
