3212 5042
597 419 841 464 00000000000.
1247 398 1291 464 45

138 585 230 646 letam
247 592 279 646 et
293 585 445 647 Romanae
466 585 555 646 simul
579 584 664 647 urhis
687 595 717 647 01
738 587 806 647 0011
822 585 939 659 Quirini
953 587 1100 664 originem
1123 584 1288 664 (01110001.

139 706 170 767 0.
192 683 246 757 59,
271 684 321 761 12)
345 685 521 748 celebraret.
568 688 692 749 Videtur
714 689 792 749 enim
815 706 897 750 mare
920 687 1056 750 historici
1072 689 1213 750 carminis
1228 707 1290 750 ma·

138 789 216 850 teria
240 790 329 852 etiam
353 797 425 850 tunc
447 789 577 850 offensus
600 808 675 860 esse,
699 790 776 850 sicut
797 788 868 850 olim
892 807 959 850 cum
981 789 1129 852 incohatis
1152 789 1288 852 0110110·

5 879 6 888 ¹
121 891 254 961 manis,
283 891 471 954 0111000100
493 910 522 972 p.
544 888 596 962 59,
619 888 677 962 21,
706 892 767 952 sive
794 909 899 970 regum
926 891 1107 954 Albanorum
1129 891 1227 964 rebus,
1257 899 1291 954 ut

140 993 264 1054 Servius
286 992 324 1054 ad
347 991 402 1054 ecl.
426 990 638 1063 213-001101,
662 992 823 1056 deterritus
845 991 892 1054 vel
915 995 1086 1056 ‘nominum
1110 995 1288 1074 asperitate’

139 1093 186 1154 rel
210 1094 361 1156 annalium
385 1097 519 1156 vastitate
543 1095 578 1156 ad
603 1093 737 1156 bucolica
759 1096 876 1156 transiit
898 1094 1064 1156 scribenda.

226 1195 331 1274 ltaque
353 1214 414 1258 uon
437 1214 514 1275 nego
537 1215 658 1276 poema,
682 1214 743 1258 uon
766 1202 864 1258 tamen
886 1195 1032 1267 Aeneida,
1060 1197 1112 1258 sed
1135 1197 1172 1258 de
1195 1197 1287 1260 rebus

140 1297 282 1360 Caesaris
304 1297 466 1376 Vergilium
488 1305 551 1358 tum
574 1317 642 1360 cum
671 1299 859 1376 prooemium
888 1296 959 1358 illud
989 1298 1136 1360 scriberet
1161 1299 1286 1362 medita·

141 1407 205 1462 tum
229 1417 296 1460 esse
320 1406 350 1459 et
371 1399 475 1479 templi
496 1401 625 1478 imagine
641 1399 860 1480 quodammodo
883 1398 1101 1461 adumbravisse
1125 1408 1154 1460 et
1177 1399 1286 1480 allego·

138 1503 215 1562 riam
239 1503 337 1581 ipsum
359 1519 403 1561 vv.
418 1497 545 1562 46—48
562 1499 773 1581 explanavisse,
796 1500 911 1562 scilicet
931 1508 964 1562 ut
977 1502 1157 1581 promissum
1171 1505 1290 1581 gravius

142 1604 232 1664 etiam
256 1603 454 1664 confirmaret.
497 1603 536 1664 Ut
558 1621 595 1664 ue
608 1601 821 1683 Peerlkampus
843 1602 962 1682 quidem
977 1602 997 1664 l.
1013 1602 1033 1664 l.
1049 1623 1078 1683 p.
1094 1600 1158 1666 232
1180 1603 1288 1666 horum

140 1723 281 1766 versuum
315 1704 402 1766 iidem
437 1703 511 1764 mihi
543 1702 724 1766 labefecerit.
775 1703 849 1766 Nam
878 1704 1034 1766 ‘ardentes
1060 1710 1192 1784 pugnas'
1221 1707 1287 1786 ipse

139 1806 251 1868 Valerii
272 1805 371 1868 Flacci
393 1805 430 1867 Vl
452 1801 513 1866 601
538 1805 673 1885 exemplo
695 1807 768 1868 satis
789 1807 924 1868 firmavit.
979 1807 1137 1868 Praeterea
1158 1809 1184 1868 si
1206 1806 1285 1868 Lati·

139 1927 211 1970 uum
235 1915 281 1968 est
303 1907 382 1968 ‘lert
401 1913 489 1987 poeta
512 1926 621 1970 nomeu
644 1906 777 1969 Caesaris
798 1925 854 1988 per
877 1906 1009 1978 orhem',
1032 1907 1136 1988 quidni
1158 1908 1286 1970 dixerim

139 2012 150 2041 ‘
158 2029 213 2090 per
235 2027 324 2070 omne
347 2027 466 2078 aevum,
495 2028 550 2089 001
573 1991 661 2072 omne
683 2011 826 2089 temporis
849 2011 1014 2088 spatium'l
1042 2011 1113 2071 anni
1140 2017 1238 2070 autem
1268 2027 1284 2070 a

142 2113 239 2190 prima
261 2111 382 2172 Tithoni
406 2111 521 2188 origiue
543 2111 678 2191 prolecto
700 2109 932 2174 innumerabiles
955 2119 1031 2173 suut.

224 2212 363 2276 Ceterum
393 2219 485 2274 totum
506 2211 651 2290 ¹quattuor
684 2211 828 2274 librorum
856 2231 931 2294 opus
960 2231 1018 2274 una
1046 2213 1195 2292 prodiisse
1225 2219 1284 2274 tam

140 2315 236 2394 prima
261 2315 284 2394 (l
307 2311 399 2392 1-5)
425 2333 512 2394 quam
537 2321 668 2377 extrema
692 2313 738 2392 (lV
759 2311 939 2395 see-566)
969 2317 1033 2376 eius
1056 2314 1145 2376 verha
1167 2308 1285 2376 abunde

141 2422 296 2486 testantur,
320 2415 357 2477 ah
380 2417 444 2495 ipso
468 2422 564 2476 autem
589 2423 618 2477 et
640 2415 829 2478 emendatum
858 2424 887 2477 et
910 2415 1020 2477 editum
1043 2435 1109 2478 esse
1131 2414 1288 2478 adfirmant

140 2524 269 2588 1010100,
299 2523 333 2577 01
354 2535 414 2578 000
436 2519 531 2598 000011
553 2519 716 2595 excogitari
738 2518 815 2598 quod
839 2519 919 2578 omni
942 2520 1104 2580 memoriae
1127 2525 1157 2578 01
1176 2516 1286 2598 proha·

138 2617 245 2680 bilitati
268 2620 364 2697 magis
386 2618 559 2680 adversetur
581 2636 669 2699 quam
691 2619 808 2680 Titderi
830 2620 1010 2681 coniectura.
1061 2619 1105 2680 Ne
1132 2627 1231 2681 autem
1254 2621 1286 2680 in

138 2720 293 2782 refutanda
317 2720 354 2781 de
376 2719 499 2782 secundi
520 2719 591 2782 libri
620 2717 901 2784 1010110039-46
929 2722 1069 2801 opinione
1099 2721 1231 2782 eiusdem
1253 2740 1283 2801 p.

140 2818 280 2883 18-20
307 2821 421 2902 0101010
456 2822 523 2902 (qua
552 2821 699 2900 Vergilius
725 2822 925 2884 Maecenatem
954 2829 987 2882 ut
1013 2829 1130 2910 poetam
1159 2841 1192 2883 se
1219 2824 1285 2902 ipso

138 2925 283 2986 maiorem
313 2925 465 3003 suspicere
488 2923 617 3003 lingitur)
646 2921 773 3002 amplius
801 2925 944 2985 immorer
971 2925 1064 2986 otium
1092 2925 1163 2985 lacit
1184 2923 1285 2985 Peerl-
1404 3009 1407 3016 Ι

136 3025 238 3106 100101
260 3043 396 3094 acumen,
419 3043 477 3103 quo
499 3027 525 3086 is
547 3044 576 3104 p.
602 3022 663 3087 138
686 3023 753 3086 coll.
777 3024 947 3086 Nemesiani
969 3026 1078 3105 Cyneg.
1094 3023 1136 3088 58
1152 3043 1196 3104 sq.
1219 3044 1285 3086 rer·

137 3147 204 3190 sum
226 3123 268 3189 41
293 3129 432 3188 correxit.
459 3127 671 3206 ¹Transposito
694 3127 773 3190 enim
802 3134 870 3206 post
891 3145 918 3190 v.
940 3123 982 3188 42
1005 3134 1035 3188 01
1055 3134 1167 3189 1001010
1189 3129 1231 3189 da
1253 3129 1284 3190 10
1403 3127 1412 3146 “

136 3231 214 3290 dare
234 3230 311 3290 haec
333 3229 445 3290 effecit:

343 3446 428 3512 tuque
451 3436 515 3494 ades
538 3437 732 3511 inceptumque
754 3453 807 3494 una
830 3435 944 3494 decurre
966 3435 1097 3500 lahorem.

289 3524 356 3602 duo
379 3524 476 3585 decus,
499 3539 515 3578 o
539 3521 624 3578 lamae
647 3522 743 3578 meritc
767 3540 830 3596 pars
847 3524 961 3578 maxima
983 3531 1102 3578 nostrae.

288 3611 322 3660 ta
337 3624 391 3663 non
415 3624 467 3682 ego
491 3614 587 3667 000010
609 3607 676 3662 meis
699 3606 825 3682 amplecti
848 3607 971 3663 versibus
995 3615 1072 3681 0010,

126 3715 129 3722 ¹
241 3746 246 3752 ,
287 3693 493 3754 411100000οε,
516 3690 671 3766 pelagoque
693 3692 787 3748 volans
809 3691 873 3748 dare
895 3691 952 3747 vela
975 3693 1089 3764 patenti,

288 3779 321 3830 43
337 3793 408 3838 000,
430 3778 495 3841 milri
518 3776 541 3831 si
563 3776 672 3850 linguae
694 3785 803 3832 centum
827 3778 881 3832 sint
903 3793 1006 3850 oraque
1029 3785 1147 3839 centum,

339 3862 428 3918 lerrea
449 3879 509 3918 vox.
554 3861 617 3917 ades
639 3869 667 3918 et
688 3863 769 3935 primi
791 3860 853 3934 lege
876 3857 966 3918 litoris
989 3877 1078 3924 oram:

339 3949 366 4004 in
389 3945 513 4004 manihus
535 3952 623 4004 terrae
645 3961 671 4003 0.
693 3965 721 4020 q.
743 3961 768 4002 s.

219 4145 301 4219 Quae
324 4148 374 4225 qui
396 4145 493 4208 libero
515 4147 615 4208 animo
637 4145 730 4225 leget,
759 4147 824 4226 ipse
851 4146 1031 4226 persentiet,
1061 4143 1148 4226 quarn
1179 4147 1279 4225 inepta

132 4250 223 4312 luerit
245 4248 363 4328 vulgata
388 4248 476 4312 lectio
499 4256 529 4310 et
551 4267 638 4329 quam
661 4254 743 4309 recte
765 4265 844 4308 nunc
866 4245 971 4326 pelago
1000 4249 1112 4328 patenti
1133 4247 1222 4328 primi
1244 4245 1279 4307 li·

132 4352 206 4412 10110
229 4370 281 4412 010
304 4357 473 4431 000000101
496 4369 522 4411 0.
545 4369 574 4430 q.
598 4369 621 4410 s.
666 4349 704 4409 Ut
727 4367 794 4410 cum
809 4348 956 4410 Ladevico
978 4367 1096 4428 sperem
1112 4348 1277 4410 Hauovium

131 4470 250 4533 quoque
273 4453 316 4512 sic
338 4435 494 4514 emendata
517 4458 623 4530 poetae
644 4448 818 4512 relicturum
842 4469 922 4521 csse,
952 4450 1084 4529 quamvis
1106 4449 1137 4508 in
1160 4445 1278 4508 schedis
