3172 5038
310 353 372 416 346
762 370 1002 414 enocucounun.

311 558 356 616 ge,
381 539 434 602 llll
457 536 520 598 246
542 543 651 599 durum
675 557 742 598 cnm
766 539 860 598 Nonio
884 537 1021 616 (dirum
1044 537 1197 618 MPByth
1256 535 1319 599 373
1342 543 1458 614 influit:

310 646 347 704 cr.
372 641 573 719 Philargyrus
608 640 762 717 (effluo
786 638 938 716 nemen
1021 641 1091 700 nen.
1117 639 1141 698 n
1164 635 1226 698 497
1259 621 1339 699 exre
1367 639 1458 714 (emo

311 742 439 820 MPpb);
520 738 627 800 V706
661 743 731 801 hoe
766 731 1070 817 (haeeMPByde2l;
1150 736 1259 801 x557
1287 743 1354 820 isti
1376 741 1457 816 (r‘stie

312 840 534 920 mecummet
602 841 640 902 Xl
662 839 725 904 243
748 842 924 902 Diomede
946 840 1123 918 (Diomeden
1146 841 1308 918 Menyec:
1330 841 1369 900 ci.
1388 843 1456 902 Ser·
1571 855 1572 862 ¹

311 948 373 1005 vius
397 951 426 1004 et
448 942 635 1020 Macrobius).

393 1046 466 1105 ltem
490 1043 573 1104 valde
597 1043 788 1104 memorabile
811 1042 888 1118 quod
914 1043 984 1102 Aen,
1009 1042 1021 1101 Ι
1043 1038 1107 1104 455
1129 1042 1209 1102 solus
1232 1044 1296 1102 veri
1318 1042 1453 1104 umbram

309 1151 392 1208 intro
414 1164 445 1206 se
460 1146 595 1213 servarit,
618 1147 650 1204 in
666 1142 775 1204 ceteris
793 1144 974 1221 FMPnyop
996 1142 1193 1204 oblitteratam
1217 1146 1389 1204 coniectura
1412 1149 1453 1204 in-

308 1255 356 1308 ter
377 1266 417 1308 se.
463 1247 582 1307 Conieci
606 1247 685 1305 enim
709 1251 827 1324 poetam
852 1246 1007 1322 scripsisse
1029 1247 1149 1304 intrans
1171 1243 1215 1304 vel
1238 1247 1347 1306 intres.

397 1365 558 1441 Vestigium
581 1364 643 1422 veri
664 1361 776 1422 indicat
798 1363 884 1421 etiam
908 1363 979 1420 hen.
1004 1361 1053 1420 Vll
1075 1358 1125 1429 26,
1151 1361 1200 1420 ubi
1223 1366 1255 1421 in
1277 1367 1371 1424 roseis
1394 1366 1455 1426 FM

308 1467 427 1544 Primo
448 1464 588 1535 inualeis
603 1470 648 1522 01.
691 1463 777 1540 Atqui
798 1463 1007 1522 luteehnrora
1030 1462 1108 1538 quod
1131 1463 1162 1522 in
1184 1466 1278 1523 roseis
1300 1462 1376 1540 bigis
1400 1466 1452 1524 lul-

309 1585 380 1645 gero
403 1566 522 1637 dicitur,
548 1563 749 1622 Schraderum
773 1571 802 1622 et
818 1562 985 1622 Bentleium
1008 1564 1115 1622 merito
1139 1563 1276 1622 oilendit:
1303 1583 1371 1624 nam
1395 1569 1452 1625 orti

308 1669 427 1728 demum
453 1665 529 1725 Solis
552 1662 652 1724 lumen
676 1682 805 1730 roseum,
829 1665 952 1723 orientis
975 1681 1115 1724 croceum
1139 1662 1313 1742 appellatur,
1337 1671 1452 1743 poterat

308 1770 371 1828 sine
403 1766 492 1826 dubio
527 1767 645 1826 verium
679 1763 822 1843 appellari
851 1771 882 1823 ut
909 1766 1024 1824 croceis
1052 1765 1229 1842 pinnis-lris
1256 1784 1311 1843 per
1339 1766 1451 1827 caelum

308 1867 387 1928 mille
412 1867 502 1926 trahit
524 1868 621 1926 varios
645 1865 762 1925 colores
785 1865 837 1926 llll
862 1862 937 1934 701,
969 1865 1139 1943 quodcum
1163 1866 1220 1927 hoc
1242 1865 1306 1926 solo
1328 1866 1393 1926 loco
1417 1868 1451 1926 de

308 1972 439 2030 Aurorae
463 1966 539 2044 bigis
562 1973 737 2044 usurpatum
761 1967 815 2032 sit,
844 1968 874 2024 in
904 1965 1064 2044 archetypo
1095 1967 1137 2026 sie
1167 1968 1300 2027 extitisse
1323 1970 1449 2028 conicio:

308 2067 402 2119 ROSE

308 2137 440 2198 VthlS.

392 2238 467 2296 Sunt
491 2254 562 2313 ergo
578 2237 746 2296 Beruenses
769 2252 889 2312 quoqne
912 2235 1030 2295 codices
1052 2236 1089 2295 he
1112 2237 1305 2296 vetustiorum
1328 2237 1379 2297 ubi
1402 2238 1449 2297 de-

307 2340 410 2398 liciunt
433 2337 534 2396 vicarii
557 2355 617 2396 non
641 2355 765 2414 prorsus
788 2336 1014 2402 contemnendi,
1045 2350 1104 2396 non
1127 2343 1225 2396 tamen
1249 2346 1282 2397 ut
1303 2341 1378 2398 certi
1401 2337 1449 2400 ali·

308 2441 392 2498 cuius
416 2437 560 2498 alteruter
583 2438 726 2496 iacturam
749 2436 836 2515 plane
859 2437 1015 2509 resarciet,
1045 2435 1096 2495 sed
1126 2444 1159 2495 ut
1181 2437 1332 2516 archetypi
1356 2441 1450 2517 potius

307 2539 435 2600 indolem
461 2537 581 2613 qtralem
606 2535 818 2616 descripsimus
841 2539 1026 2596 cordrrment.
1077 2537 1157 2607 Quae
1188 2557 1246 2616 quo
1268 2541 1450 2600 manifestius

307 2641 336 2698 in
360 2645 551 2715 conspectum
575 2639 660 2715 qrrasi
683 2639 804 2705 veniret,
829 2636 963 2698 consulto
988 2639 1054 2696 vitia
1077 2640 1264 2715 potissimum
1288 2638 1402 2716 collegi.

392 2756 531 2815 Ceterum
555 2773 631 2832 qnae
654 2757 732 2814 inter
755 2754 848 2814 libros
873 2739 1040 2832 Menyaec
1068 2757 1142 2816 ratio
1173 2758 1336 2817 intercedat
1365 2759 1449 2820 etlam

307 2855 475 2933 eclogarum
492 2853 675 2932 singularum
692 2855 936 2933 inscriptionibus
952 2855 1086 2926 discitur.
1110 2857 1305 2918 Consentiunt
1319 2859 1450 2935 PByebe

306 2959 338 3016 in
363 2955 483 3032 eclogae
499 2955 535 3014 Vl
559 2945 729 3016 ‘sannorum
746 2963 913 3034 satyrorum
930 2964 960 3014 et
974 2955 1138 3018 silenorum
1155 2957 1332 3018 delectatio'
1355 2958 1449 3026 titulo,

308 3057 359 3118 nbi
382 3057 480 3116 delicit
503 3059 552 3129 M,
582 3058 612 3115 in
642 3060 669 3117 V
689 3055 785 3132 qualis
809 3057 896 3116 luerit
919 3058 1039 3134 agnosci
1062 3075 1122 3117 non
1144 3064 1258 3136 potest;
1292 3060 1400 3136 Byabe
1422 3061 1451 3118 in

307 3165 429 3236 quartae
452 3155 580 3218 ‘saeculi
603 3159 670 3216 novi
693 3158 918 3234 interpretatio'
943 3155 1010 3234 (dei.
1036 3160 1129 3232 Met·
1151 3160 1292 3237 MPyebc
1320 3159 1390 3233 (del.
1415 3160 1450 3232 Iit

307 3260 417 3319 omisso
440 3259 582 3337 septimae
605 3264 790 3334 argumento.
814 3275 1009 3334 personarum
1033 3265 1146 3319 tanturn
1171 3259 1342 3320 nominibus
1365 3278 1450 3338 prae·

308 3361 425 3438 positis;
461 3361 532 3418 item
555 3359 688 3434 PRyohe
716 3357 785 3432 (del.
809 3359 858 3432 M)
890 3358 991 3418 eadem
1021 3361 1135 3420 ratione
1164 3362 1194 3420 in
1218 3360 1272 3420 ecl.
1298 3359 1337 3420 lll
1360 3368 1388 3419 et
1412 3360 1450 3426 V;

307 3462 434 3520 omissae
456 3465 526 3518 sunt
548 3476 694 3535 personae
716 3467 783 3516 ante
807 3456 860 3516 ccl.
885 3457 897 3516 l
919 3460 949 3518 in
971 3461 1066 3536 Rybe,
1091 3467 1192 3520 extant
1214 3462 1245 3520 in
1266 3463 1295 3520 P
1313 3459 1382 3534 (del.
1396 3461 1450 3537 M).

308 3561 473 3621 Praemittit
495 3557 741 3618 interlocutorum
771 3557 941 3620 nominibus
969 3578 1044 3638 quae
1078 3557 1188 3620 habent
1210 3559 1296 3628 Phe,
1332 3579 1391 3620 om.
1423 3579 1450 3626 o,

308 3660 427 3736 eclogae
450 3658 475 3718 ll
498 3665 706 3735 argumentum
730 3658 786 3716 ‘de
809 3675 910 3718 amore
933 3661 1037 3738 pueri'
1060 3679 1081 3737 y
1105 3659 1172 3736 (del.
1197 3660 1264 3737 M);
1289 3660 1367 3720 idem
1397 3677 1450 3720 no·

308 3778 363 3820 nae
387 3759 442 3818 ‘de
465 3760 543 3833 agris
566 3760 740 3836 conquestio
764 3764 826 3818 est'
850 3767 916 3837 post
939 3762 1058 3820 nomina
1081 3761 1206 3836 quaein
1230 3763 1309 3821 MPb
1332 3777 1451 3838 quoque

307 3867 408 3920 eitam
430 3859 497 3934 (dei.
523 3858 576 3936 R),
612 3859 663 3920 sed
687 3859 831 3920 recedunt
852 3859 889 3920 ab
912 3860 958 3920 his
989 3878 1041 3931 ac,
1076 3859 1127 3920 nbi
1155 3863 1355 3938 suprascripta
1383 3871 1452 3922 sunt

307 3961 362 4019 ‘de
386 3961 540 4036 questione
563 3955 668 4037 poetae
691 3959 727 4020 de
750 3961 857 4020 amisso
881 3977 962 4037 agro.
994 3959 1093 4020 bicida
1116 3960 1248 4020 Moeris.’
1292 3959 1324 4020 ln
1348 3969 1451 4022 octava

307 4062 497 4121 consentiunt
518 4064 573 4132 Po,
596 4062 736 4138 inscripta
760 4060 917 4121 ‘Damonis
946 4069 975 4120 et
997 4060 1185 4140 Alphesiboei
1206 4064 1386 4129 certamen'.
1421 4071 1453 4120 et

307 4164 398 4221 Meo
421 4167 534 4222 tantum
558 4161 693 4221 diversus
721 4161 800 4239 quod
829 4163 1005 4229 ‘certatio',
1041 4179 1100 4220 non
1127 4162 1315 4220 ‘certamen’
1344 4160 1450 4224 habet:

307 4263 414 4340 repetit
436 4262 514 4321 idem
538 4263 601 4320 iere
624 4271 830 4338 argumentum
859 4261 956 4322 addita
984 4269 1082 4322 tamen
1117 4269 1221 4339 poetae
1250 4279 1379 4338 persona
1408 4263 1453 4322 sic

308 4364 422 4441 ‘poeta
455 4363 595 4422 Damonis
612 4371 640 4422 et
656 4361 844 4440 Alphesiboei
868 4363 1036 4420 contentio'
1059 4364 1086 4436 b,
1110 4378 1305 4438 personarum
1330 4363 1451 4424 nomina
