3204 5042
805 381 1047 425 mummolinus.

899 563 948 625 lll.

442 731 557 809 Teque,
581 729 680 800 Pales,
705 738 735 790 et
756 738 802 801 te,
826 737 928 810 pastor
950 734 1117 794 venerande
1139 754 1194 814 per
1216 735 1336 806 orbem,

442 839 471 891 et
492 849 636 909 pecorum
659 831 758 892 cultos
781 840 811 920 et
833 834 966 910 gramine
988 851 1098 912 pascua
1120 834 1211 904 laeta,

441 933 507 1011 quis
530 930 661 992 habitent
685 940 818 993 armenta
841 931 915 994 locis
937 933 1124 995 stabulentur
1147 942 1176 996 et
1197 954 1306 1016 agnae,
1462 936 1495 1000 15
1571 908 1572 911 ¹

441 1035 539 1095 omnia
562 1033 660 1094 divino
683 1035 856 1098 monstravit
878 1037 1010 1096 carmine
1034 1041 1122 1098 vates.

438 1391 578 1452 Protinus
601 1391 674 1450 aerii
696 1387 792 1450 mellis
814 1387 980 1452 redolentia
1002 1409 1094 1469 regna

440 1490 586 1570 Hyblaeas
609 1497 638 1550 et
660 1509 746 1570 apes,
771 1490 921 1552 alveorum
946 1499 975 1552 et
998 1509 1084 1552 cerea
1106 1499 1183 1553 tecta

439 1592 547 1670 quique
570 1593 630 1669 apti
652 1591 742 1652 llores
765 1593 899 1652 examina
923 1611 1060 1672 quaeque
1082 1592 1206 1653 colenda

438 1691 549 1752 indicat
570 1694 761 1771 umentisque
782 1693 877 1768 layos,
901 1691 1038 1755 caelestia
1061 1693 1146 1754 dona.
1457 1691 1493 1754 20

440 1824 583 1888 Solus'ex
607 1829 717 1888 nostris
739 1827 825 1888 libris
852 1830 869 1888 b
897 1827 987 1889 habet
1016 1829 1212 1890 tetrastichon
1241 1829 1319 1908 quotl
1349 1837 1394 1890 est
1423 1828 1491 1909 apud

355 1927 557 1989 Burmannum
581 1928 599 1987 l.
623 1928 642 1988 l.
667 1927 693 1988 ll
717 1925 786 1997 193,
810 1947 837 1988 v.
856 1924 945 1996 1-4,
971 1930 1124 2010 Meycrum
1140 1927 1212 2000 863,
1238 1927 1329 1999 1-4,
1352 1930 1491 2008 Heyniurn

353 2047 383 2107 p.
407 2029 479 2090 Cbll
500 2048 529 2090 n.
553 2030 598 2089 Vl.
622 2047 717 2108 paene
740 2028 842 2088 eadem
866 2031 961 2090 torma
984 2047 1071 2106 quam
1095 2031 1227 2110 Scaliger
1248 2029 1431 2110 protulerat:

509 2131 760 2210 Tityrus-agresti
781 2129 871 2191 modo
894 2129 988 2191 laetus
1011 2133 1143 2192 carmine
1165 2133 1258 2202 ruris,

510 2231 673 2293 formosum
697 2249 750 2311 per
773 2231 851 2308 quod
874 2230 1002 2292 Coridon
1026 2232 1163 2312 dilexit*)
1187 2231 1291 2293 Alexin

507 2333 699 2412 Silenumque
721 2351 823 2393 senem
845 2335 991 2413 sortisque
1013 2350 1155 2410 meroque
1178 2333 1278 2411 ligavit

506 2441 720 2513 pastorumque
742 2453 833 2494 sonos
856 2433 957 2494 faciles
980 2434 1093 2494 (luxere
1115 2437 1238 2495 cicutae.

439 2534 573 2612 Denique
594 2537 624 2594 in
649 2534 753 2594 eodem
777 2542 806 2595 et
826 2537 856 2595 in
873 2534 1091 2612 Hamburgensi
1114 2533 1165 2614 (lt)
1189 2535 1290 2595 codice
1312 2533 1372 2612 legi
1397 2553 1491 2594 versus

355 2637 405 2714 qui
426 2637 458 2694 in
479 2635 657 2712 interpolata
680 2635 786 2696 Donati
813 2637 871 2695 vita
895 2635 1027 2713 Augusto
1049 2636 1170 2714 ascripti
1193 2633 1271 2713 apud
1295 2635 1490 2696 Bnrmannuur

356 2744 425 2796 sunt
451 2735 477 2795 ll
507 2731 582 2806 184,
612 2735 688 2814 apud
712 2736 862 2815 Meyernm
892 2756 921 2797 u.
951 2733 1027 2806 858,
1056 2735 1135 2815 apud
1158 2736 1305 2814 Heynium
1333 2755 1364 2814 p.
1389 2735 1490 2797 CXLll.

353 2837 514 2914 Conspirat
528 2839 659 2898 antcmb
680 2837 745 2898 lere
760 2837 879 2915 ubique,
903 2839 923 2897 lt
945 2837 1122 2917 plerumque
1138 2856 1204 2899 cum
1220 2837 1339 2915 optimis
1355 2837 1491 2916 Scaligeri

356 2945 385 2999 et
407 2937 518 2998 Heiusii
539 2937 633 2999 libris.

355 3175 441 3226 lectos
460 3176 621 3226 Bumannus
697 3178 728 3227 13
747 3175 840 3241 Teque
859 3175 907 3240 phe
924 3173 1161 3236 'PE-QVOQVE·
1182 3174 1211 3232 R,
1234 3175 1322 3223 Peleu.
1401 3179 1428 3224 to
1450 3188 1489 3237 pa·

338 3261 445 3310 'storb
468 3260 665 3310 PASTORVM
683 3260 739 3324 Byc
823 3259 981 3309 uenerande
1000 3259 1028 3320 b,
1053 3258 1240 3322 Rottendorplz.
1263 3256 1489 3308 MEMORANDE

356 3345 419 3408 Ilpa,
439 3347 520 3394 ceteri
536 3345 723 3394 Bnmcnninni
803 3345 833 3392 14
851 3343 975 3408 gramine
993 3343 1008 3391 b
1031 3341 1198 3392 GRAMINA
1216 3342 1271 3406 Rye
1289 3342 1379 3390 Petao.
1399 3345 1432 3391 ot.

357 3429 389 3477 15
406 3427 567 3478 habitentb
594 3427 779 3478 HABITANT
798 3428 853 3491 Ilyc
880 3429 968 3477 Petne.
986 3426 1091 3476 Mentel.
1111 3420 1185 3486 alter,
1204 3429 1237 3476 ol.
1324 3425 1492 3475 stabulantur

356 3513 460 3576 Menap.
479 3513 585 3562 Mentel.
606 3515 672 3562 alter
690 3528 743 3562 cunt
761 3514 796 3562 al.
833 3526 923 3576 agnae
942 3511 956 3560 b
974 3510 1062 3560 AGNI
1080 3511 1144 3575 Hye,
1163 3507 1349 3559 Bumnnnr'ani
1402 3509 1491 3560 lt-tn

357 3613 404 3646 om.
424 3597 446 3645 R
532 3598 563 3646 17
582 3597 727 3646 reddentia
746 3612 762 3660 p
850 3597 881 3646 18
899 3593 1034 3663 hibleesq3
1055 3594 1123 3658 apel
1138 3609 1154 3659 y
1172 3592 1287 3658 hybleos
1308 3608 1415 3658 qnoque
1434 3605 1490 3657 apes

357 3681 477 3731 Rottend.
498 3682 511 3729 1
531 3690 556 3731 et
573 3686 589 3732 3
606 3681 723 3745 hybleos
738 3679 805 3744 apes
819 3679 849 3729 bc
918 3679 1040 3729 eluorum
1059 3677 1107 3744 pbc
1176 3681 1204 3728 et
1221 3693 1302 3732 om.c
1372 3682 1490 3738 cateray

425 3768 502 3814 tecta
520 3781 541 3823 e,
562 3767 650 3816 Petao.
665 3785 669 3792 ¹
686 3765 758 3814 done
775 3763 790 3812 b
808 3765 886 3828 regni
904 3780 920 3829 γ
939 3779 1025 3828 regna
1043 3763 1146 3827 Menon.
1166 3765 1198 3812 al.
1268 3763 1301 3812 19
1320 3761 1441 3827 quidque
1457 3775 1489 3825 pr,

357 3851 445 3901 Petne.
514 3849 572 3900 albi
591 3866 630 3915 pc,
649 3851 738 3903 Petoo.
758 3848 970 3913 apibuaPierins
1038 3862 1150 3912 queq·y
1218 3845 1364 3896 colendeb
1382 3843 1490 3912 leganda

358 4017 381 4064 c,
400 4000 585 4050 Burmanntont
619 4001 770 4067 legentisp
840 4003 873 4052 20
891 3949 1039 4066 ipplicatb
1125 3997 1263 4050 humentis
1278 4013 1310 4063 pe
1397 3995 1462 4049 euos
1473 4010 1490 4044 c.

426 4218 451 4283 *l
470 4219 586 4272 ardebat
604 4219 728 4284 Scaliper.
