3212 5042
303 397 326 440 X
781 403 969 447 PRAEFATIO.

302 564 417 626 raunio
439 562 683 628 multitudinem
706 587 858 629 versu-um
880 567 1096 651 conflagravit
1112 569 1361 654 Aristophanes,
1384 593 1450 634 non

302 663 523 745 Aristarchus,
546 686 607 728 nec
628 667 663 728 in
685 673 864 731 ceterorum
888 669 1055 752 signorum
1076 693 1139 732 usu
1155 670 1330 734 discrimen
1346 671 1448 736 Grae-

302 787 413 829 corum
435 768 600 828 auctorum
625 766 757 831 videtur
778 767 896 848 fuisse,
925 779 963 833 ut
990 769 1156 834 notionem
1179 771 1370 858 simpliciter
1393 773 1447 836 de-

303 866 445 930 scribere
479 867 559 930 satis
594 876 690 931 esset.
740 867 825 930 Nam
858 879 981 933 certam
1016 873 1218 957 eandemque
1250 873 1285 936 in
1319 873 1449 936 Latinis

302 967 545 1052 exemplaribus
573 977 725 1032 notarum
747 968 813 1031 XX
844 970 1117 1055 significationem
1144 995 1215 1036 esse
1242 972 1296 1037 vel
1324 975 1370 1037 eis
1394 996 1450 1060 ap-

301 1076 411 1152 paret,
435 1090 517 1152 quae
540 1068 583 1132 ad
605 1069 786 1133 chresimon
809 1071 973 1156 adscripta
994 1071 1162 1156 leguntur:
1193 1072 1292 1138 ‘hacc
1314 1073 1384 1139 sola
1407 1097 1450 1138 ex

301 1167 470 1232 voluntate
504 1169 760 1255 uniuscuiusque
793 1170 836 1234 ad
871 1170 996 1258 aliquid
1031 1173 1254 1238 adnotandum
1287 1176 1447 1260 ponitur’.

302 1272 353 1333 Ac
368 1291 408 1334 ne
424 1268 505 1332 illud
522 1269 654 1355 quidem
669 1271 951 1356 praetereundum,
966 1283 1096 1358 praeter
1111 1275 1289 1360 simplicem
1305 1275 1448 1356 ductum,

303 1373 358 1456 qui
386 1380 520 1456 propter
551 1370 676 1454 figurae
704 1371 867 1457 quandam
902 1372 1148 1438 similitudinem
1184 1375 1292 1461 diplae
1318 1376 1450 1441 videtur

302 1470 475 1535 adiunctus
499 1493 579 1547 esse,
602 1472 636 1534 in
651 1473 761 1558 priore
776 1481 936 1537 tractatus
953 1484 1045 1558 parte
1061 1475 1289 1540 Aristarcheas
1305 1479 1450 1542 maxime

300 1581 395 1636 notas
420 1573 618 1658 compositas
649 1573 714 1657 legi
741 1573 858 1659 hisque
886 1573 964 1638 solis
993 1576 1156 1660 quomodo
1183 1585 1317 1642 utantur
1339 1578 1451 1642 Latini

301 1673 505 1756 grammatici
528 1676 692 1758 expressis
715 1675 825 1739 verbis
850 1674 1010 1756 adnotari,
1034 1676 1233 1762 reliquarum
1249 1689 1375 1762 partem
1399 1680 1450 1764 (ut

301 1775 472 1854 coronide,
503 1773 611 1859 diplen
640 1775 880 1856 obelismenen,
916 1798 1055 1860 superne
1084 1778 1262 1860 obolatam,
1299 1802 1450 1844 aversam

302 1873 524 1939 obelismenen
543 1887 633 1956 -<,
648 1876 839 1957 chresimon,
856 1875 1045 1962 phrontida)
1070 1900 1273 1942 communem
1289 1881 1449 1961 omnibus,

301 1985 428 2060 partem
443 1977 496 2041 vel
512 1977 553 2041 ab
570 1975 642 2040 aliis
665 2000 763 2062 quarn
779 1978 821 2042 ab
836 1977 1029 2041 Aristarcho
1045 1981 1267 2062 grammaticis
1283 1981 1448 2046 Romanos

301 2085 464 2142 mutuatos
494 2099 566 2140 esse
593 2075 646 2141 vel
674 2079 762 2163 ipsos
790 2078 956 2142 invenisse
979 2077 1096 2142 videri.
1139 2081 1192 2144 De
1215 2082 1332 2167 quibus
1361 2083 1448 2166 quod

302 2177 434 2243 brevius
468 2200 567 2264 quam
602 2178 642 2242 de
675 2180 792 2243 ceteris
831 2181 1022 2263 exponitur,
1064 2180 1205 2245 fortasse
1244 2178 1447 2268 excerptoris

300 2277 526 2362 neglegentiae
554 2279 774 2343 tribuendum.
876 2281 1079 2345 Vilissimum
1108 2281 1218 2346 autem'
1245 2281 1325 2346 illud
1352 2306 1447 2368 argu-

301 2388 457 2462 mentum,
481 2382 567 2464 quod
583 2403 625 2445 ex
642 2381 810 2445 Ciceronis
834 2380 876 2443 ad
898 2380 976 2444 fam.
1001 2382 1141 2467 epistula
1156 2383 1208 2446 IX
1226 2384 1308 2465 10‚1
1333 2385 1448 2449 elicere

302 2480 445 2542 animum
466 2479 598 2544 induxit
613 2481 753 2562 Riesius,
777 2480 834 2544 ubi
856 2482 943 2567 quod
964 2481 1028 2545 ioci
1051 2504 1152 2546 causa
1165 2485 1361 2566 Aristarchi,
1383 2509 1449 2551 non

301 2579 390 2644 Aelii
405 2579 549 2662 Stilonis,
574 2581 685 2646 obelos
708 2581 830 2647 inferat
852 2591 885 2646 et
901 2583 1029 2648 Graeco
1053 2583 1226 2666 vocabulo,
1248 2609 1314 2650 non
1328 2588 1447 2652 Latino

302 2682 440 2765 sagittas
467 2691 546 2767 puto
569 2681 726 2768 appellet,
756 2702 883 2746 omnem
911 2683 1008 2747 huius
1038 2685 1124 2769 signi
1152 2709 1248 2750 usum
1276 2687 1446 2752 aLatinis

302 2781 468 2847 codicibus
503 2781 645 2846 alienum
672 2783 775 2847 fuisse
808 2783 943 2850 iudicat.
995 2785 1098 2866 Quasi
1125 2809 1203 2852 vero
1234 2789 1268 2850 in
1297 2787 1447 2872 epistulis

302 2883 416 2948 Cicero
434 2883 595 2948 Graecam
618 2885 834 2949 eruditionem
856 2909 923 2951 non
944 2895 1092 2973 captaret
1114 2897 1171 2951 aut
1192 2888 1339 2972 ignotum
1361 2896 1448 2952 esset

301 3007 399 3069 quam
425 2985 513 3050 inter
545 2985 696 3072 antiquos
724 2985 910 3052 Aristarchi
943 2988 1151 3072 potissimum
1183 2988 1269 3054 obeli
1303 2988 1446 3054 celebres

300 3087 440 3151 fuerint!
481 3139 485 3150 .
943 3167 946 3174 ¹

289 3181 292 3187 ’
385 3187 474 3272 Ergo
508 3187 683 3272 indagavit
715 3199 748 3254 et
781 3189 918 3254 confixit
947 3190 1074 3255 Probus
1111 3191 1240 3275 spurios
1269 3212 1384 3255 versus
1413 3192 1447 3254 in

300 3289 447 3354 Lucretii
463 3288 592 3354 Horatii
607 3289 746 3374 Vergilii
766 3290 871 3372 libris,
894 3313 955 3354 nec
976 3290 1160 3354 mirandum
1184 3292 1270 3376 quod
1291 3313 1357 3355 non
1378 3291 1448 3356 sola

301 3389 580 3476 autographorum
603 3391 797 3456 auctoritate
819 3391 923 3455 fretus
948 3391 1059 3473 eiecit,
1083 3393 1141 3478 sed
1164 3391 1206 3456 ad
1229 3392 1447 3457 coniecturam

301 3491 495 3576 aliquotiens
518 3490 694 3575 confugere
718 3491 869 3556 debebat.
913 3492 1027 3578 Neque
1050 3493 1136 3556 enim
1157 3491 1287 3577 singula
1301 3495 1446 3578 ipsorum

300 3601 471 3678 poetarum
493 3613 593 3655 manu
615 3591 668 3657 vel
691 3593 878 3678 conscripta
900 3593 954 3658 vel
976 3594 1149 3658 emendata
1170 3592 1370 3678 exemplaria
1385 3595 1445 3658 cir-

301 3693 576 3774 cumferebantur,
600 3693 658 3758 sed
680 3716 753 3758 cum
775 3694 840 3780 ipsi
862 3695 1040 3759 amicorum
1064 3717 1164 3760 causa
1178 3695 1274 3780 plura
1288 3697 1445 3760 correxis-

302 3805 389 3874 sent,
418 3803 451 3858 et
472 3794 660 3860 venditores
689 3805 722 3860 et
743 3803 906 3881 emptores
934 3794 1092 3860 librorum
1121 3805 1373 3861 consentaneum
1396 3804 1446 3860 est

301 3917 432 3958 suorum
453 3893 551 3958 fidem
574 3904 607 3958 et
628 3897 769 3981 pretium
790 3897 837 3960 ita
859 3895 1013 3961 extollere
1036 3897 1213 3976 studuisse,
1234 3906 1271 3960 ut
1286 3919 1327 3960 ex
1342 3896 1445 3982 ipsius

301 3997 441 4060 auctoris
463 3995 557 4059 domo
581 4007 613 4061 et
635 3995 762 4061 familia
784 4005 816 4060 et
838 3997 956 4062 scrinio
979 3997 1140 4083 prodiisse
1163 4005 1345 4060 narrarent.

384 4097 561 4162 Praeterea
582 4120 614 4182 p.
631 4098 694 4161 472
716 4097 844 4162 Riesi'us
866 4099 972 4162 minus
988 4107 1075 4163 recte
1091 4119 1241 4163 aversam
1261 4119 1334 4161 cum
1350 4097 1443 4164 obelo

300 4198 442 4282 positam
475 4221 547 4263 esse
580 4200 710 4278 statuit,
744 4199 802 4263 ubi
833 4200 985 4265 ‘tectius’
1021 4199 1063 4263 ad
1096 4197 1218 4283 aliquid
1250 4198 1446 4284 respiciatur

302 4299 538 4385 (‘verborgene
553 4299 827 4385 Beziehungen')‚
851 4301 945 4364 cuius
967 4321 1063 4362 usum
1086 4298 1182 4363 latius
1205 4307 1318 4382 patere
1334 4321 1366 4384 p.
1385 4300 1446 4364 150

300 4400 460 4483 iudicavi3
483 4402 570 4465 etin
592 4399 706 4464 eadem
727 4401 849 4484 pagina
863 4403 945 4464 Aen.
963 4400 1034 4464 IIII
1048 4399 1111 4462 418
1134 4397 1274 4484 simplici
1298 4397 1387 4484 dipla
1408 4412 1445 4466 ut
