3172 5038
584 378 828 421 PROLEGOMENA.

217 551 323 611 foedus
345 549 512 627 percutitur
534 563 674 624 passuras
697 546 796 605 omnia
817 546 919 605 victos·

219 651 275 712 hoe
297 651 390 710 Turni
413 650 536 710 Iuturna
560 665 645 706 soror
668 645 826 706 contundit
848 652 878 704 et
899 643 1002 706 ambos

218 753 248 811 in
271 769 401 830 pugnam
424 748 552 828 populos
574 748 634 824 agit
657 748 795 807 ementita
818 747 993 807 Camertem.

218 853 337 914 Aenean
359 850 473 912 volucri
494 847 639 910 tardatum
663 846 797 908 membra
820 848 924 924 sagitta

219 956 304 1015 anxia
326 970 381 1031 pro
404 958 473 1011 nato
498 950 623 1010 servavit
645 965 715 1010 cura
736 949 878 1027 parentis.

219 1054 290 1115 urbs
312 1054 435 1132 capitur.
481 1053 567 1112 vitam
590 1049 696 1127 laquea
719 1048 775 1109 sibi
797 1049 860 1108 finit
881 1046 993 1108 Amata.

219 1155 332 1215 Aeneas
355 1155 491 1216 Turnum
514 1169 619 1229 campo
642 1167 821 1228 congressus
844 1151 995 1228 utrimque

219 1256 397 1316 clrcumiusa
420 1255 482 1314 acie
505 1254 563 1312 vita
585 1251 720 1331 spoliavit
743 1257 772 1312 et
794 1252 892 1312 armis

363 1623 539 1690 Monosticha
560 1621 689 1689 Aeacidis
716 1624 853 1688 librorum
874 1627 1044 1703 argumenta.

689 1811 710 1870 1.

115 1977 117 1982 ’
218 1984 333 2043 Aeneas
355 1983 452 2060 primo
475 1979 584 2058 Libyae
607 1977 766 2057 depellitur
789 1997 865 2038 orae.

217 2085 322 2144 lunera
345 2082 509 2142 Dardaniae
532 2087 634 2140 narrat
657 2078 805 2154 dessetque
829 2077 970 2138 secrrndo.

217 2185 332 2250 tertius,
347 2200 465 2274 errores
487 2181 585 2260 pelagi
607 2187 767 2256 terraeque
789 2180 924 2258 requirit.

217 2286 312 2344 uritur
335 2286 365 2343 in
389 2290 494 2359 quarto
517 2281 591 2341 Dido
614 2282 807 2359 flammasque
829 2281 946 2341 latetur.

218 2387 337 2464 quintas
359 2383 448 2443 hahet
471 2381 571 2451 tudae,
596 2389 625 2442 et
648 2381 772 2441 classem
797 2381 921 2459 corripit
942 2381 1028 2458 ignis,

218 2492 400 2564 quaeruntur
424 2491 507 2544 sexto
530 2501 633 2544 manes
657 2490 685 2543 et
708 2484 831 2543 Tartara
855 2481 936 2542 Ditis.

140 2706 436 2713 .——.-—-—-——-

132 2841 146 2890 b
177 2838 358 2891 PASSVRVS
381 2841 460 2904 Ηγοψ
488 2840 613 2903 passuris
635 2839 797 2888 Burmannus
882 2840 1000 2890 uictosl
1028 2839 1160 2890 VIOTVS
1179 2839 1274 2902 11γόοψ

132 2925 216 2974 victis
234 2925 394 2973 Burmannus
463 2923 570 2972 4000
640 2921 811 2973 contunditl
891 2927 1049 2988 apagnac
1129 2923 1274 2972 mentital

201 3011 216 3058 6
235 3008 344 3058 Aeneas
353 3007 368 3056 b
386 3008 495 3058 Aeneae
516 3005 550 3068 (ae
569 3005 674 3070 eras.)e
691 3003 801 3070 Aenea'
820 3023 837 3071 γ
906 3006 1102 3057 TARDA'PVR
1120 3006 1143 3056 R
1161 3007 1272 3056 tardan-

134 3163 208 3208 ture
286 3159 430 3208 menbrae
512 3139 661 3208 ignatob
747 3107 901 3222 Slaquriab
987 3161 1132 3208 9turnoc
1212 3175 1274 3222 pro-

133 3245 271 3306 gressnsl
357 3247 470 3306 utrunq:
491 3235 512 3290 ὁ.
600 3241 810 3292 Monosticha.
851 3245 873 3294 Ι.
909 3243 1041 3306 Lequntur
1064 3243 1127 3291 11000
1145 3244 1171 3290 ln
1188 3243 1269 3304 notet

131 3329 274 3390 praemissa
296 3329 321 3374 in
341 3327 411 3390 liuba
434 3329 474 3375 sai
495 3328 612 3390 cariusque
635 3327 694 3376 libri
716 3327 878 3384 deaastielris,
905 3328 989 3389 spatio
1012 3328 1084 3376 nnius
1108 3327 1227 3374 uersiculi
1248 3326 1278 3374 ab

132 3411 171 3459 ln's
188 3418 319 3474 separata.
355 3411 541 3460 Continuanlur
559 3412 584 3458 in
603 3413 619 3459 l.
662 3411 702 3473 Of.
722 3409 883 3459 Burmannus
900 3410 929 3459 II
948 3412 1008 3472 191,
1034 3411 1156 3474 Meyerus
1179 3426 1202 3457 n.
1220 3410 1278 3462 860.

139 3495 257 3543 Distinet
273 3495 335 3544 laaec
353 3494 384 3543 ab
402 3495 491 3542 alteris
510 3492 557 3556 (II)
577 3496 613 3543 tta
631 3501 658 3542 ut
673 3496 765 3557 priora
784 3489 819 3556 (Ι)
839 3496 975 3556 litterano,
1000 3497 1083 3544 altera
1102 3493 1149 3558 (II)
1169 3491 1186 3557 β
1208 3500 1280 3543 nata-

138 3594 197 3627 rem.
289 3579 426 3646 llybiqe
519 3578 720 3642 conpellitur!
808 3579 912 3642 Libyes
940 3577 1089 3644 adpellitur
1118 3577 1279 3628 Burmannus
1362 3605 1367 3618 ·

192 3677 254 3712 oras
273 3663 377 3718 conieci,
398 3664 432 3726 rs.
453 3663 590 3716 decastiala.
611 3663 624 3711 1
642 3665 659 3710 4
676 3663 700 3712 V
720 3663 733 3710 1
753 3660 836 3712 nais
855 3663 948 3726 liuban
970 3663 1049 3713 undis
1069 3667 1078 3714 t
1131 3665 1146 3712 2
1165 3665 1280 3714 alcestin

138 3747 186 3813 ube
243 3746 325 3797 deflet
342 3749 351 3795 l
369 3747 537 3796 FLEOTAE
556 3747 578 3796 a
596 3747 678 3796 flecte
697 3731 943 3810 Mentelssfietusqt
996 3747 1155 3811 3deficitli,
1175 3764 1276 3812 omae,

138 3831 195 3880 inb
214 3834 341 3894 repetitur
359 3831 504 3881 artonosllela
526 3829 542 3894 β
561 3847 583 3879 a.
603 3833 618 3880 3
687 3831 804 3893 requirit
827 3832 851 3880 lol
868 3832 986 3881 recurrit
1004 3833 1036 3881 L.
1056 3831 1174 3882 Mueller.
1212 3833 1280 3882 Pra-

138 3915 222 3965 barena
239 3919 366 3965 renarrat
384 3917 439 3964 coll.
458 3915 524 3964 Aen.
543 3915 587 3964 III
605 3915 653 3964 717
723 3929 828 3964 errores
849 3917 925 3964 canit
939 3917 1123 3981 amissumque
1136 3919 1279 3980 parentem

116 4007 159 4049 ’ω
175 4002 311 4064 praeterl
355 4001 435 4048 tom.
454 3999 502 4063 ubo
547 3999 717 4063 flammisque
737 4003 902 4049 crematuri
946 4003 1065 4064 bdefieit
1083 4001 1113 4059 B,
1133 4003 1159 4049 in
1176 4001 1281 4065 bprae-

136 4153 242 4200 mittitur
259 4148 469 4215 1001100ίὶ01.βὸ
520 4087 615 4200 habest
624 4151 638 4199 b
683 4098 822 4200 eiassemb
862 4150 940 4201 ludos
959 4167 1027 4217 quos
1046 4152 1243 4203 concelebrare
1262 4156 1278 4212 l,

137 4253 193 4286 nam
211 4237 311 4301 reliqna
329 4238 412 4300 legere
431 4250 481 4283 non
498 4236 582 4298 poterit
600 4236 632 4288 L.
654 4235 775 4298 Mueller,
801 4239 844 4301 qui
861 4239 993 4288 adnotavit
1015 4237 1113 4288 dubium
1136 4253 1192 4288 esse
1210 4239 1281 4289 uerbi

137 4320 336 4370 concelebrare
358 4322 452 4368 uocalis
474 4321 572 4368 ultimus
595 4337 650 4369 num
674 4337 690 4369 a
712 4337 746 4368 an
769 4335 783 4368 a
808 4337 841 4370 an
863 4321 874 4368 i
900 4325 941 4376 sit,
983 4323 1178 4373 concelebrare
1202 4327 1279 4387 pote·
1341 4369 1343 4375 .

136 4407 195 4454 stas
212 4405 239 4453 in
256 4409 265 4456 l
282 4406 342 4470 leqit
359 4404 527 4468 Burmannus,
546 4404 750 4458 concelebravit
767 4404 876 4458 Averno
894 4410 1002 4458 coniecit
1019 4408 1051 4458 L.
1070 4407 1187 4457 Mueller.
1221 4408 1280 4470 sor-
