3172 5038
784 391 1029 434 Puonsuoumun.

424 560 567 638 septimus
589 556 719 619 Aeneam
740 556 840 617 reddit
862 555 1000 617 letalibus
1022 559 1107 618 arvis.

423 667 581 739 praeparat
603 669 706 719 octavo
728 656 840 718 bellum
864 673 938 734 quos
961 659 1058 719 mittut
1078 661 1110 719 iu
1131 659 1235 720 hostis.

422 779 518 821 nonus
539 758 630 819 habet
652 776 764 839 pugnas
785 775 842 819 neo
864 758 948 819 adest
969 758 1028 818 dux
1047 761 1112 838 ipse
1134 759 1274 822 tumultu.

423 861 530 921 oceidit
551 861 668 921 Aeneae
691 859 806 919 decimo
828 858 992 921 Mezentius
1013 861 1068 924 ira.

422 961 580 1021 undecimo
602 961 678 1020 victa
701 967 746 1020 est
768 977 828 1020 non
850 977 946 1036 aequo
968 960 1061 1022 Marte
1083 959 1213 1022 Camilla.

422 1061 598 1123 duodecimo
620 1062 740 1122 Turnus
762 1060 868 1122 divinis
891 1059 997 1122 occidit
1021 1063 1120 1122 armis.

887 1397 924 1457 u.
960 1383 963 1388 “

422 1668 541 1730 Primus
563 1666 653 1728 habet
674 1666 813 1746 Libycam
836 1667 956 1726 veniant
977 1671 1010 1726 ut
1032 1668 1128 1726 Troes
1148 1668 1180 1726 in
1202 1665 1321 1730 urbem.

422 1768 527 1829 edocet
550 1768 698 1828 excidium
720 1769 828 1828 Troiae
850 1767 1024 1844 clademque
1046 1767 1201 1828 secundus.

422 1871 526 1929 tertius
549 1887 565 1928 a
587 1871 677 1930 Troia
700 1876 800 1928 vectos
823 1869 903 1928 canit
925 1886 1055 1947 aequore
1078 1868 1219 1930 Teucros.

421 1977 542 2046 quartus
565 1971 634 2030 item
658 1971 785 2030 miserae
808 1968 866 2029 duo
888 1967 1010 2030 vulnera
1032 1975 1134 2029 narrat
1155 1969 1278 2032 Elissae.

419 2071 555 2132 manibus
577 2071 613 2131 ad
636 2067 783 2132 tumulum
806 2071 909 2147 quinto
932 2068 1122 2131 celebrantur
1144 2068 1285 2131 honores.

418 2174 538 2232 Aenean
560 2180 707 2233 memorat
727 2172 870 2232 visentem
892 2171 1016 2234 Tartara
1039 2178 1151 2233 sextus.

418 2275 450 2333 in
471 2273 603 2352 Phrygas
624 2272 739 2334 Italiam
760 2271 839 2332 hello
861 2275 921 2334 iam
942 2274 1086 2352 septimus
1108 2280 1214 2334 armat.

420 2373 470 2434 dat
491 2372 579 2434 simul
601 2376 717 2436 Aeneae
740 2374 838 2434 socios
860 2380 980 2434 octavus
1004 2380 1033 2433 et
1054 2391 1145 2434 arma.

418 2475 550 2536 llaunius
573 2481 722 2555 expugnat
742 2493 822 2535 nono
846 2493 920 2535 nora
942 2476 1059 2536 moenia
1081 2475 1198 2535 Troiae.

420 2578 540 2654 exponit
562 2575 694 2636 decimus
716 2576 884 2637 Tuscorum
905 2578 937 2636 in
960 2577 1048 2637 iltore
1069 2594 1194 2655 pugnas.

418 2675 576 2737 undecimo
598 2676 700 2738 Rutuli
721 2683 903 2755 superantur
924 2676 1194 2750 morteCamillae.

418 2777 541 2838 ultimus
563 2778 689 2856 imponit
710 2777 789 2838 bello
812 2779 907 2840 Turni
928 2798 1002 2840 nece
1023 2779 1121 2840 finem.

340 3055 408 3099 tasse
427 3051 454 3098 in
470 3049 607 3099 Leideneis
625 3049 766 3113 archetypo
784 3050 871 3099 extitit
893 3051 951 3100 otim
974 3049 1153 3100 concelebrat
1170 3049 1317 3099 Anchisae.
1403 3053 1419 3101 'l
1435 3065 1474 3099 om.

333 3133 364 3182 dc
438 3147 545 3184 seneen
562 3141 604 3198 γψ
623 3147 727 3184 aeneas
745 3133 820 3183 Leid.
894 3136 1030 3185 Socteua
1048 3140 1193 3184 coeteros
1211 3135 1243 3188 L.
1263 3133 1380 3184 Mueller
1450 3135 1473 3182 et

335 3233 402 3282 quoa
420 3217 539 3282 Hepne'us
607 3233 675 3282 quos
693 3221 783 3266 armat
800 3218 828 3266 in
847 3217 980 3269 hosteml
1047 3217 1168 3268 holtesb
1240 3219 1427 3283 9pugnaml

334 3300 512 3352 TVMVLTV
530 3301 601 3367 pr:
622 3303 657 3365 cf.
675 3303 708 3352 L.
727 3301 840 3352 Mueller
858 3303 889 3352 de
907 3318 930 3352 r¹
949 3319 980 3352 m.
999 3318 1025 3366 p.
1044 3304 1093 3353 381
1112 3300 1245 3351 tumultus
1259 3317 1273 3350 c
1290 3303 1406 3353 tumulti
1421 3305 1431 3352 l

335 3388 367 3436 10
385 3385 466 3440 ench
545 3384 776 3456 MEZZENTIVS
794 3386 834 3450 Rp
916 3387 947 3434 11
971 3386 1075 3434 viotnst
1092 3386 1125 3438 L.
1145 3386 1255 3435 Mueller
1336 3386 1370 3436 12
1389 3385 1474 3436 Dnde-

336 3469 405 3519 nimo
423 3485 456 3535 p:
478 3471 512 3533 cf.
530 3471 563 3520 L.
582 3470 693 3520 Mueller
715 3471 746 3520 de
768 3485 791 3519 r.
808 3486 838 3518 m.
861 3471 911 3520 272
997 3469 1106 3519 diuinus
1120 3469 1152 3520 ot
1237 3469 1276 3519 11.
1315 3469 1474 3520 Praecedmr

335 3556 482 3604 continuata
499 3555 562 3604 daec
579 3557 606 3604 ln
623 3554 671 3620 phe
689 3553 832 3604 decorticdo
850 3553 982 3604 Aeneidos
999 3553 1060 3604 libri
1074 3554 1088 3603 I
1105 3561 1251 3619 argumento
1268 3554 1316 3605 doc
1333 3556 1361 3603 in
1380 3570 1395 3603 e
1412 3555 1474 3603 etin

334 3638 475 3687 Petauiano
497 3643 678 3689 cotaleolorum
699 3639 787 3688 codice
810 3639 895 3688 titulo:
925 3637 1136 3688 VERSIOVLI·
1162 3637 1327 3688 ASMENII·
1352 3637 1472 3689 SVPElt·

334 3723 398 3772 x11·
418 3701 466 3776 ts
483 3721 668 3773 Aruernos
685 3697 794 3773 mom.
831 3722 866 3771 In
883 3721 1040 3772 uenenato
1058 3724 1192 3774 veterrimo
1211 3731 1236 3772 er
1253 3724 1415 3774 romatiana
1433 3723 1474 3771 tn·-

334 3807 443 3856 duuntur
461 3807 549 3858 Ouidio
567 3807 680 3871 Nasoni,
703 3809 730 3856 ln
747 3805 888 3856 Burmanni
904 3814 928 3870 ψ
946 3813 973 3855 ul
990 3808 1089 3857 videtur
1107 3805 1215 3858 Basilio.
1258 3807 1297 3870 Of.
1316 3808 1474 3858 Bur-reanum

334 3959 437 4012 11190.
509 3907 645 4022 11ἰοἰῖῑγ
714 3961 822 4010 3eaetal
840 3961 907 4008 inter
924 3965 1028 4011 monost.
1048 3974 1067 4007 α
1085 3961 1111 4007 in
1129 3959 1151 4016 b,
1171 3958 1213 4007 ubi
1229 3955 1318 4008 troiae
1395 3957 1472 4008 4mi·

334 4043 392 4093 lere
411 4061 428 4109 y
497 4043 563 4092 duo:
581 4051 692 4106 propter
710 4043 776 4093 Aen.
793 4041 833 4093 IV
851 4043 901 4093 600
919 4044 977 4092 ‘sie
995 4043 1036 4093 sic
1054 4042 1131 4092 iuvat
1149 4041 1190 4091 ire
1208 4042 1258 4092 sub
1279 4042 1428 4092 umbrns’?

336 4127 419 4177 elisae
437 4127 469 4176 bl
488 4125 572 4176 aelise
591 4143 605 4175 c
673 4129 689 4177 5
707 4129 826 4178 extolle
843 4127 857 4176 d
875 4129 949 4176 etium
966 4128 1034 4176 inter
1051 4135 1157 4179 monost.
1175 4142 1206 4184 oc,
1224 4127 1267 4176 ubi
1284 4126 1473 4177 caelebrantur

404 4226 610 4328 caelebrsltlurc
678 4279 801 4344 'litiges
815 4294 847 4344 pc
915 4277 1045 4328 italsmc
1115 4281 1311 4344 {lexpngnac
1383 4281 1415 4332 to
1432 4277 1471 4329 lit

335 4435 430 4497 torep
501 4432 530 4480 11
549 4429 657 4482 rutilio
727 4379 891 4486 chleed·
944 4433 975 4484 12
993 4431 1101 4500 inponit
1117 4431 1142 4481 d.
1229 4429 1408 4500 Georgicon
1431 4437 1471 4484 tr·
