3212 5042
291 395 335 462 54
490 407 493 412 ’
745 395 993 462 exousoonnnaj

294 607 351 670 que
373 603 473 648 moros
538 555 600 648 303
618 605 759 668 presso.
786 633 793 647 .
818 590 930 648 corice
994 583 1058 648 415
1080 589 1210 649 divinius
1273 584 1336 648 416
1359 594 1443 648 ionio

293 687 356 751 512
378 707 499 751 eorsum
521 693 661 766 effodere
725 689 750 748 ll
775 686 833 749 141
858 692 1001 750 immania
1064 687 1127 750 296
1143 706 1186 766 sq.
1212 696 1280 768 post
1301 687 1364 750 292
1386 710 1441 770 po·
1526 709 1534 723 ’

295 794 363 861 suit,
388 791 464 871 quod
489 793 582 851 miror
599 792 742 851 baderico
765 791 838 852 adeo
863 791 1018 875 placuisse,
1043 793 1128 852 utin
1151 799 1265 852 textum
1282 794 1440 871 receperit.

185 898 188 905 '
258 913 260 916 ·
295 894 470 956 Necessario
487 894 564 953 enim
587 910 660 968 erqo
683 913 707 952 v.
725 890 788 954 293
804 894 839 953 ad
864 894 997 954 radicum
1021 893 1207 954 altitudinem
1223 901 1352 972 spectac
1377 913 1441 955 um·

221 1012 225 1066 ]
296 995 380 1056 bram
403 1003 502 1056 autem
524 1003 585 1056 tom
609 993 644 1074 (v.
667 992 740 1070 296)
770 997 897 1056 maxime
920 997 1046 1057 sustinet
1068 997 1220 1072 ingentem
1243 1013 1387 1074 quemue,
1418 998 1443 1058 01

295 1097 387 1158 inulta
403 1096 518 1158 saecula
534 1098 603 1158 vicit
618 1099 654 1172 (v.
671 1094 754 1174 295).
836 1095 899 1159 285
916 1105 1081 1175 prospectu
1099 1105 1210 1174 poscet
1231 1101 1318 1159 irioni
1379 1095 1441 1160 327

297 1202 361 1274 opit
424 1195 488 1260 514
504 1203 681 1276 patriosque
753 1199 791 1260 111
814 1197 856 1260 99
878 1218 894 1260 0
916 1203 1035 1277 stipulis
1101 1196 1160 1260 116
1182 1203 1315 1276 equitum
1382 1199 1443 1262 1311

296 1302 455 1362 concubitu
471 1305 574 1377 primo
641 1298 700 1362 143
725 1311 899 1377 posceretur
928 1380 932 1386 1
962 1298 1026 1362 rol)
1046 1301 1125 1362 Sesti
1130 1304 1251 1378 =(serires
1273 1302 1359 1363 Goth.
1384 1303 1441 1382 pr.)

296 1400 357 1463 351
381 1405 460 1478 ripet
523 1399 587 1464 430
608 1411 720 1478 secono
742 1407 816 1466 colit
837 1407 996 1480 ripasque,
1024 1405 1145 1464 inhians
1167 1406 1219 1465 obi
1241 1403 1306 1483 (ego
1329 1411 1444 1465 servata
1517 1479 1527 1488 α

297 1511 430 1566 ceterum
446 1503 590 1565 librorum
608 1507 751 1566 memoria
767 1507 825 1566 sibi
838 1525 894 1584 pro
909 1508 960 1566 bic
975 1507 1116 1584 seriptum
1134 1524 1198 1566 esse
1216 1505 1326 1584 malim)
1392 1506 1445 1566 llil

297 1605 339 1669 84
372 1616 401 1668 01
434 1603 475 1667 85
508 1608 564 1668 bos
653 1605 712 1668 177
747 1611 860 1683 operior·
889 1607 948 1687 (sed
964 1609 1106 1668 Ι10500111
1131 1607 1264 1668 defendit
1286 1608 1447 1669 Ladevicus

299 1709 319 1768 l.
355 1709 374 1769 l.
409 1727 438 1788 p.
474 1704 536 1785 24).
666 1705 729 1772 243
761 1711 869 1769 merito
906 1709 1060 1787 displicuit
1097 1709 1292 1788 Peerlkampo
1331 1709 1446 1788 vulgata

299 1818 448 1872 structura
473 1809 601 1870 ‘cubilia
624 1809 789 1871 edederunt
810 1812 918 1879 lavos’,
942 1811 993 1872 sed
1017 1811 1096 1890 quod
1119 1813 1189 1898 ipse
1207 1812 1380 1886 ‘loeifopoc
1393 1859 1400 1872 .
1415 1858 1444 1872 ..

297 1916 426 1973 blottoe’
450 1912 586 1972 scribens
609 1911 753 1973 ‘cubilia'
777 1914 909 1990 ipsarum
933 1931 1022 1992 apum
1041 1895 1135 1975 ¹sedes
1157 1912 1318 1982 intellexit,
1347 1913 1448 1974 intulit

300 2015 379 2094 quod
402 2021 468 2093 post
491 2014 608 2074 ‘laves’
633 2013 785 2076 abundare
801 2015 926 2075 videtur.
958 2015 1020 2092 Ego
1036 2015 1156 2092 quidem
1172 2015 1288 2076 facilius
1311 2015 1387 2076 duco
1410 2015 1446 2075 ad

298 2120 474 2195 ‘congesta'
498 2115 633 2195 suppleto
651 2115 741 2176 verbo
757 2115 941 2177 substantivo
964 2118 1069 2178 ‘sunt'
1092 2125 1161 2196 post
1184 2116 1319 2178 ‘blattis’
1344 2135 1447 2178 vocem

218 2245 220 2250 ·
298 2221 406 2280 lortius
428 2219 652 2296 interpungere,
676 2221 829 2294 sequentia
852 2227 950 2280 autem
972 2221 1013 2279 ita
1029 2221 1220 2296 coniungere,
1246 2227 1277 2280 ut
1292 2220 1376 2280 lucus
1399 2227 1449 2280 aut

231 2331 241 2338 “
300 2321 408 2382 crabro
432 2327 482 2380 aut
504 2320 576 2380 linia
599 2339 631 2381 se
652 2321 840 2382 inmiscuIsse
863 2321 989 2396 dicatur.
1027 2320 1091 2392 Qua
1114 2327 1263 2381 structura
1286 2322 1386 2382 nescio
1409 2339 1447 2380 cn

298 2423 434 2508 Ladeviei
457 2438 577 2498 quoque
601 2420 737 2501 (append.
767 2442 797 2502 p.
824 2420 893 2502 198)
918 2421 1151 2484 dubitationibus
1175 2422 1304 2482 satisfiat.
1384 2417 1448 2482 295

299 2529 353 2586 bos
368 2529 447 2600 ipsos
471 2531 559 2598 optes
581 2525 625 2582 od
645 2541 714 2585 oses
778 2522 840 2585 346
862 2527 1048 2600 Volcanique
1063 2526 1148 2586 dolos
1163 2533 1192 2585 et
1208 2525 1320 2584 Mortis
1383 2520 1447 2583 412

300 2636 361 2688 tom
384 2634 416 2686 to
438 2623 652 2702 Peerlkampus
671 2610 793 2703 ‘quoque
817 2627 1040 2695 commendavit,
1064 2632 1220 2705 receptum
1242 2643 1339 2703 nuper
1360 2624 1473 2684 aLa-·

300 2728 412 2788 devico.
521 2722 584 2786 483
607 2735 694 2789 cento
716 2735 786 2788 roto
814 2731 931 2790 restitit.
982 2727 1077 2788 Servii
1105 2728 1279 2788 testimonio
1310 2725 1448 2804 neglecto

300 2831 397 2909 possis
419 2835 511 2890 conto
533 2837 603 2888 roto
625 2832 734 2889 constit
742 2832 758 2889 't
779 2832 926 2890 conicere.
971 2829 1175 2908 Philargyrius
1197 2836 1286 2890 vento
1309 2827 1354 2887 vel
1376 2827 1449 2906 legit

302 2931 347 2992 vel
370 2937 450 2992 certe
473 2931 608 2991 coniecit.
662 2931 734 2991 Post
755 2927 817 2992 487
840 2931 1054 3010 Peerlkampus
1077 2949 1170 2992 unum
1194 2929 1375 2992 versiculum
1397 2949 1449 2990 ex·

302 3033 411 3094 cidisse
435 3034 612 3110 suspicatur,
644 3049 703 3110 quo
726 3052 763 3093 ne
787 3034 951 3113 respiceret
974 3032 1114 3112 Orpheus
1136 3033 1258 3092 vetitum
1281 3032 1375 3092 luisse
1398 3029 1449 3091 de-

307 3136 478 3198 clareretur.

387 3238 544 3298 Praeterea
568 3238 714 3316 persuasit
736 3237 809 3297 mibi
832 3239 894 3306 lere
918 3237 984 3297 Otto
1005 3237 1163 3298 Honorius
1185 3254 1231 3313 ge.
1255 3235 1268 3295 l
1293 3231 1353 3295 142
1376 3235 1449 3295 scri·

303 3339 434 3399 bendum
451 3358 517 3399 esse
542 3343 627 3400 ‘olto
644 3348 752 3416 peteris
768 3343 847 3402 alios
863 3341 977 3416 peiopo
993 3340 1086 3398 trobit
1100 3339 1204 3400 umido
1225 3341 1301 3398 iino’
1321 3335 1448 3414 (ephem.

306 3439 406 3500 Berol.
430 3440 523 3501 schol.
547 3438 687 3502 1171178
711 3459 753 3519 sq.
779 3450 808 3502 01
830 3440 930 3501 selred.
956 3441 1047 3500 critic.
1071 3459 1100 3518 p.
1123 3437 1162 3516 3).
1214 3439 1296 3500 ldcm
1327 3437 1450 3499 laudan-

303 3543 359 3602 dus
396 3543 474 3621 quod
503 3543 604 3603 sched.
635 3544 699 3602 crit.
729 3562 758 3621 p.
787 3540 809 3603 5
837 3560 978 3603 versuum
1006 3559 1051 3618 gc.
1083 3537 1311 3603 111224-229
1339 3559 1449 3602 nexum
1555 3597 1564 3610 ,

303 3643 451 3722 probabili
474 3644 663 3704 distinetione
686 3646 815 3705 restituit
837 3644 925 3704 hace:

507 3801 557 3839 nee
580 3802 638 3839 mm
661 3783 787 3839 bellantis
810 3801 863 3840 una
887 3782 1037 3844 stabulare,
1062 3792 1105 3838 set
1127 3783 1195 3838 alter

509 3868 596 3924 victus
620 3867 675 3925 abii
697 3869 834 3943 longeque
857 3869 959 3940 ignotis
984 3868 1074 3924 exulat
1097 3869 1161 3923 oris.

510 3954 593 4010 multa
617 3970 727 4028 gemens
751 3954 927 4028 ignominiam
950 3954 1101 4028 plagasque
1124 3951 1234 4026 superbi

490 4041 632 4101 ·victoris,
656 4047 712 4094 tum
735 4057 806 4112 quos
828 4040 918 4094 amisit
941 4039 1045 4094 inultus
1068 4054 1183 4098 autores,

508 4133 535 4178 et
558 4124 664 4180 stabula
686 4132 828 4197 aspectans
852 4125 945 4195 regnis
968 4122 1086 4179 excessit
1108 4123 1200 4178 avitis:

509 4225 576 4282 ergo
600 4210 672 4264 cinni
696 4225 759 4264 cura
782 4211 846 4263 viris
870 4217 977 4263 exercet
1001 4223 1024 4264 e.
1049 4225 1075 4279 q.
1102 4223 1124 4282 0.

247 4391 250 4403 .
306 4359 343 4415 ,11
372 4375 431 4416 nrm
461 4356 557 4434 [10001
585 4357 662 4435 00011
693 4375 739 4432 ge.
768 4357 820 4416 llll
848 4354 889 4416 22
918 4357 1043 4418 coniecit
1073 4354 1174 4416 sched.
1204 4357 1269 4415 crit.
1300 4374 1328 4434 p.
1358 4353 1379 4414 3
1407 4375 1450 4434 sq.

305 4475 391 4519 more
411 4477 465 4519 suo
488 4477 543 4538 pro
567 4463 654 4518 ‘vere
677 4463 759 4520 sno'.
806 4457 897 4530 Quale
921 4459 1000 4519 ellim
1022 4457 1137 4538 apium,
1161 4456 1190 4517 lt.
1215 4477 1240 4516 0.
1266 4463 1324 4517 tant
1347 4474 1452 4536 regum
