3276 5050
636 403 883 447 renuneouuun.
974 376 979 384 ’
1272 383 1332 446 109

271 573 346 633 Tum
370 569 517 632 contraria
547 587 603 629 nee
632 571 704 630 satis
733 571 866 631 1313133
888 569 1044 632 3333111313
1066 571 1330 649 investigaverunt:

188 674 267 753 quod
291 673 340 734 Vll
363 669 424 733 601
448 687 514 751 sqq.
543 673 658 733 masin
681 671 764 733 Latio
786 673 880 734 luisse
903 671 1013 733 dicitur
1035 655 1105 742 belli
1132 681 1235 752 portas
1262 692 1331 752 ape·

191 775 299 846 riendi,
324 793 391 835 cum
416 780 445 834 et
467 791 557 853 supra
582 774 617 850 (1.
634 769 685 854 46)
709 773 795 852 longa
811 773 943 854 placidas
965 775 994 834 in
1017 792 1090 854 pace
1113 759 1333 853 regisse'urhes

186 878 322 940 Latinum
345 876 545 938 adfirmaverit
567 882 653 956 poeta
677 884 706 936 et
726 873 942 956 1311313623)
967 878 1144 938 ‘inexcitam
1160 884 1227 938 ante
1243 885 1331 955 atque

185 979 369 1041 immobilem
395 978 575 1038 husoniaur'
604 984 827 1057 nuncupaturus
855 980 909 1047 sit;
945 977 1050 1056 hisque
1079 979 1152 1059 ipsis
1180 977 1331 1039 1331313-

186 1101 320 1163 pugnare
349 1082 408 1142 visa
441 1089 563 1159 tropaea
593 1096 711 1159 quoque
740 1080 769 1140 in
799 1079 911 1158 templo
939 1081 1072 1159 exposita
1096 1077 1168 1159 (184
1196 1077 1272 1159 sqq.)
1303 1089 1332 1140 et

188 1184 364 1265 Tyrrhenae
391 1183 471 1242 acies
505 1200 531 1242 v.
561 1177 625 1242 426
661 1190 919 1243 commemoratae.
970 1181 1154 1262 Pylaemenis
1182 1181 1332 1242 Homerici

195 1287 241 1364 131.
272 1284 364 1346 schol.
388 1285 414 1346 N
436 1276 508 1346 643.
533 1280 607 1358 658)
636 1285 812 1345 memoriam
841 1285 948 1345 excitat
976 1283 1021 1344 his
1049 1284 1165 1344 occisus
1188 1283 1332 1345 Cretheus

188 1388 240 1479 (31
263 1367 326 1449 ul
347 1385 400 1447 rm
422 1381 507 1466 333).

270 1489 365 1567 Atque
388 1486 456 1548 talia
479 1486 578 1568 qualia
600 1487 746 1549 Anchisae
769 1487 923 1548 oraculum
954 1494 984 1548 et
1007 1487 1150 1549 Cretheus
1179 1487 1224 1548 his
1253 1507 1332 1549 mor·

187 1600 254 1654 tuus
277 1599 306 1652 et
328 1590 366 1650 de
381 1589 474 1651 Numa
498 1589 688 1670 antapodosis
711 1602 749 1650 ne
772 1610 788 1651 a
810 1591 943 1668 patronis
959 1589 1078 1670 quidem
1101 1598 1208 1669 poetae
1232 1590 1331 1651 viden·

190 1702 238 1755 tur
270 1693 406 1754 excusari
439 1693 572 1771 potuisse
606 1693 665 1752 nisi
697 1710 757 1753 333
785 1693 911 1772 perferri
942 1691 987 1752 vel
1020 1691 1159 1773 perpoliti
1192 1694 1332 1754 carminis

193 1795 384 1856 condicione:
411 1780 441 1853 et
463 1793 612 1870 congessit
633 1793 800 1854 Macrobius
823 1811 940 1872 quoque
955 1794 978 1853 V
996 1791 1044 1864 15,
1068 1791 1088 1855 6
1111 1813 1185 1874 sqq„
1210 1794 1261 1855 uhi
1284 1813 1330 1854 ca·

131 1975 135 1980 ,
187 1895 276 1976 talogi
298 1904 393 1957 artem
416 1896 572 1966 examinat,
602 1895 706 1955 similis
734 1894 941 1973 neglegentiae
965 1896 995 1956 in
1020 1895 1193 1958 nominihus
1222 1904 1334 1956 temere

188 1999 428 2059 commemoratis
450 1995 584 2076 exempla
607 2014 667 2058 nou
689 2015 793 2077 pauca.

271 2100 333 2161 Nee
361 2097 556 2161 dubitandum
589 2101 661 2178 quin
694 2100 751 2160 iam
780 2099 927 2160 Asconius
954 2106 1052 2160 certos
1080 2099 1223 2179 quosdam
1252 2099 1334 2160 locos

177 2197 266 2263 'tales
289 2221 356 2263 esse
379 2200 532 2262 consessus
555 2202 601 2274 sit,
624 2201 685 2271 uhi,
708 2208 740 2260 ut
755 2201 851 2262 Servii
873 2201 908 2261 ad
924 2202 995 2262 Aen.
1018 2197 1115 2261 1450
1136 2200 1235 2262 1311113
1257 2209 1333 2272 3131,

190 2304 331 2365 1311111313
355 2305 414 2365 3131
436 2303 552 2364 31113313
576 2304 718 2383 purgatis,
743 2321 876 2382 quosque
899 2295 1111 2364 emendaturus
1134 2305 1239 2364 luisset
1261 2304 1333 2364 Ver-

190 2404 292 2484 gilius,
316 2407 341 2466 si
364 2404 519 2466 absolvere
543 2404 674 2466 licuisset
695 2423 817 2485 poema,
841 2403 912 2465 licet
933 2404 984 2465 alii
1006 2404 1129 2475 luerint,
1160 2407 1211 2482 qui
1234 2423 1333 2465 emen-

189 2507 287 2569 dando
324 2521 502 2568 succurrere
538 2501 696 2576 auderent.
731 2506 779 2568 alii
813 2508 864 2585 qui
891 2525 974 2568 suam
1002 2508 1200 2585 ignorantiam
1229 2508 1335 2584 suique

190 2616 294 2690 captus
317 2608 541 2669 inbecillitatem
565 2628 651 2689 quam
676 2607 767 2670 divini
788 2615 894 2688 poetae
909 2609 1061 2688 ingenium
1078 2609 1199 2690 culpare
1214 2607 1335 2670 mallent

189 2707 439 2791 (1133111363).
483 2711 566 2772 luter
589 2710 644 2772 hos
667 2719 766 2772 autem
795 2711 904 2789 quihus
934 2711 1087 2773 constabat
1115 2713 1225 2773 erroris
1253 2711 1334 2789 igna-

187 2831 253 2873 rum
277 2815 368 2875 131333
391 2813 542 2874 Maronem
572 2814 613 2888 (in
641 2813 791 2892 georgicis
818 2812 923 2873 saltem
952 2820 981 2872 et
1009 2814 1039 2872 in
1062 2813 1154 2876 rebus
1176 2833 1210 2874 ex
1235 2813 1335 2873 erudi·

188 2917 277 2976 tionis
300 2914 443 2976 thesauro
471 2913 671 2995 hauriendis),
702 2913 871 3000 Ι1133133133
899 2933 931 2974 33
960 2932 1025 2974 3333
1054 2916 1332 2994 313613131133313.

188 3017 269 3096 Scip.
299 3016 324 3076 ll
354 3014 382 3078 8.
432 3014 485 3076 llla
515 3033 591 3094 quae
619 3016 775 3076 commode
805 3016 940 3096 expediri
968 3015 1056 3078 nullis
1085 3016 1218 3077 3111113113
1245 3035 1333 3094 33333
1441 3020 1452 3039 ‘

187 3117 365 3179 videbantur
389 3119 598 3178 ‘insolubilia'
622 3118 652 3178 in
676 3119 890 3180 commentario
913 3117 1055 3178 Serviano
1077 3117 1264 3198 appellantur
1286 3119 1332 3198 (31.

191 3218 287 3280 Lehrs
309 3219 398 3280 brist.
422 3214 512 3297 225),
544 3235 638 3296 eaque
667 3217 713 3279 vel
735 3217 789 3278 llll
816 3217 862 3279 vel
885 3219 949 3280 Xlll
978 3226 1131 3280 numerata
1159 3220 1252 3282 luisse
1282 3219 1333 3280 do·

88 3308 97 3318 ’
188 3327 258 3382 3331
280 3320 375 3382 Servii
398 3320 434 3380 ad
457 3320 530 3380 Aen.
554 3319 593 3380 lX
614 3317 677 3382 363
701 3326 730 3381 et
751 3319 803 3381 Xll
827 3317 868 3382 74
889 3319 1148 3401 333313113333*);
1178 3329 1267 3399 31333
1297 3322 1334 3382 311

189 3421 318 3484 similem
342 3423 598 3484 ratiocinationem
623 3422 777 3484 ‘decima'
800 3421 850 3484 illa
873 3423 1096 3503 ‘antapodosis’
1119 3425 1258 3503 pertinet.
1293 3427 1334 3484 hc

187 3527 295 3586 merito
318 3523 512 3588 insolubilem
524 3527 738 3603 'quaestionem
761 3524 931 3586 hahuerunt
952 3525 989 3586 ‹le
1004 3527 1129 3606 septima
1145 3525 1334 3603 3331113133

188 3626 336 3688 excidium
366 3633 495 3696 aestate,
524 3645 601 3707 quae
628 3634 658 3689 et
686 3627 811 3707 adpulso
834 3626 1042 3706 Carthaginem
1067 3624 1181 3708 (1755)
1211 3633 1240 3686 et
1265 3635 1334 3707 post

189 3731 337 3809 integram
361 3728 489 3790 hiemem
522 3728 640 3790 deserte
663 3729 778 3791 Didone
804 3731 834 3790 in
858 3727 959 3790 Sicilia
987 3727 1072 3790 ludos
1099 3727 1198 3789 edenti
1218 3731 1334 3790 Aeneae

191 3829 225 3908 (Y
247 3827 321 3909 626)
346 3831 393 3910 agi
418 3831 535 3892 dicitur.
581 3831 690 3894 Contra
712 3833 870 3894 Asconium
894 3828 1036 3892 credibile
1058 3849 1117 3891 non
1141 3837 1187 3890 est
1209 3829 1245 3890 de
1267 3848 1333 3892 ver·

189 3929 296 3994 horum
321 3934 392 3994 ben.
416 3928 536 3994 111114
558 3934 673 4014 ‘neque
696 3935 774 3995 enim
797 3933 900 3994 Turno
924 3950 1006 3994 mora
1029 3931 1124 3994 libera
1146 3933 1268 3993 mortis’
1291 3939 1335 3994 te·

111 4067 114 4072 ·
190 4031 293 4095 nehris
317 4034 513 4096 discutiendis
536 4033 759 4118 desperavisse:
793 4037 885 4097 immo
914 4033 1036 4096 alteram
1066 4051 1141 4112 quae
1164 4033 1241 4114 apud
1266 4036 1335 4096 Ser·

184 4135 264 4196 vium
287 4137 440 4215 protertur
469 4138 747 4219 interpretationem
782 4142 899 4215 ‘neque
928 4138 1007 4198 enim
1035 4137 1065 4198 in
1093 4142 1241 4216 potestate
1268 4154 1334 4197 mea

256 4371 284 4440 ⁸)
303 4375 427 4442 Utroque
452 4376 515 4426 loeo
533 4375 719 4442 Reginensem
742 4376 809 4426 1674
831 4391 971 4426 numerum
990 4375 1064 4440 XII,
1087 4375 1244 4426 Parisinum
1270 4374 1336 4424 1919

183 4460 318 4525 praebere
338 4461 418 4510 XIII
435 4461 606 4513 1331313111.
625 4461 715 4514 Thilo.
