3212 5042
606 409 849 453 reocucounm.
1257 386 1300 452 39

146 567 233 642 ntore
246 579 363 658 sculpta
377 578 522 640 dicantur.
540 578 614 638 Nam
626 576 708 658 quod¹
714 577 834 638 Vossius
847 578 1006 654 imaginem
1020 577 1052 636 in
1063 578 1177 654 pariete
1190 578 1298 654 pictam

149 683 313 760 significari
336 689 446 749 narrat,
471 679 630 740 verborum
648 676 773 755 ‚quidem
797 697 835 738 ne
857 679 1034 740 tenuissimo
1051 677 1171 755 quidem
1188 676 1299 738 indicio

147 782 212 846 aliis
225 782 403 844 mortalibus
415 780 561 858 proditur.
582 780 738 842 Praeterea
751 787 850 841 autem
862 788 965 840 notatu
974 779 1062 857 digna
1072 778 1202 840 Palatina
1211 777 1299 840 lectio

150 885 332 948 METVENS
356 903 382 943 v.
398 879 449 951 38,
473 900 560 961 quam
583 880 811 962 interpolatione
834 880 920 942 alteri
935 880 1088 942 nh'rvn'r
1111 879 1298 940 substitutam

149 1005 217 1050 esse
238 1004 330 1048 nemo
352 983 561 1062 suspicabitur,
586 984 654 1062 quia
676 982 731 1044 hac
755 983 873 1044 demunt
890 980 1009 1062 plenum
1025 979 1189 1042 absolvitur
1206 998 1299 1042 enun-

149 1090 271 1150 tiatum:
297 1088 388 1146 im'mo
410 1083 596 1165 probabilius
619 1085 749 1146 conicias
771 1084 828 1144 hoc
851 1085 1023 1146 coniectura
1045 1091 1143 1142 ortum
1168 1099 1242 1151 esse,
1267 1088 1301 1141 ut

149 1193 182 1252 in
204 1188 310 1250 codice
333 1189 350 1247 b
374 1188 452 1248 vocis
474 1193 583 1248 metuet
604 1186 717 1247 litteras
740 1195 789 1247 uel
811 1187 842 1246 in
864 1184 952 1248 litura
974 1186 1100 1261 scriptas
1121 1183 1297 1261 reperimus.

150 1294 249 1368 Atque
272 1287 433 1352 sublimius
456 1289 545 1350 etiarn
570 1295 655 1366 poeta
679 1290 773 1367 ipsam
804 1286 933 1348 invidiae
956 1267 1080 1364 figuram
1104 1283 1248 1347 deiectam
1269 1283 1300 1342 in

151 1393 270 1454 Tartari
295 1389 434 1454 tenebras
456 1390 558 1469 ibique
580 1390 658 1450 inter
686 1389 808 1468 pallidas
831 1388 952 1450 umbras
982 1393 1147 1448 versantem
1171 1383 1297 1446 laetissi-

150 1496 207 1556 mis
236 1493 373 1554 Caesaris
406 1489 565 1569 triumphis
598 1493 627 1550 in
662 1490 765 1551 eadem
806 1489 906 1552 tabula
940 1490 1113 1568 opposuisse
1148 1487 1299 1548 statuitur.

150 1595 228 1668 Quid
250 1595 344 1672 igitur
368 1593 393 1652 si
414 1600 484 1672 post
505 1610 532 1652 ν.
556 1589 597 1652 33
620 1591 709 1654 talem
731 1593 889 1669 imagmem
913 1592 1005 1652 inseri
1028 1589 1133 1650 voluit:

358 1765 459 1822 lnvidia
482 1764 576 1821 inlelix
598 1766 683 1821 lurias
706 1781 867 1839 amnemque
890 1781 1013 1820 severum

358 1851 451 1924 Cocyti
473 1858 597 1906 metuens
621 1858 766 1924 tortosque
789 1850 888 1906 lxionis
912 1849 1009 1922 angitis

359 1936 557 2008 immanemque
580 1942 668 1990 rotam
689 1943 717 1990 et
739 1951 794 1991 non
818 1934 1007 2008 exsuperabile
1031 1949 1123 1990 saxum

152 2139 193 2148 -
215 2102 388 2164 incohatam
410 2099 501 2168 illam,
525 2119 586 2160 non
609 2099 792 2162 absolutam?
837 2101 976 2162 Ceterum
1000 2118 1059 2160 non
1088 2101 1302 2177 interpretatur

153 2206 227 2268 haec
250 2203 471 2284 Philan-gyrius,
506 2203 608 2282 inepte
637 2209 736 2264 autem
765 2209 796 2262 et
818 2202 939 2263 Servius
969 2210 998 2262 et
1020 2199 1136 2262 Probus
1164 2200 1215 2278 qui
1244 2199 1302 2258 cir-

154 2307 321 2368 cumfertur
344 2311 514 2366 statuerunt
543 2303 794 2365 obtrectatoribus
817 2305 880 2366 suis
901 2313 1020 2384 poetam
1043 2303 1208 2363 inferorum
1231 2317 1301 2378 poe·

154 2427 208 2472 uas
230 2406 415 2468 comminari.

244 2509 356 2570 lllirum
378 2524 459 2574 sane,
484 2513 586 2567 ternos
609 2509 728 2587 saepius
751 2506 913 2568 versiculos
944 2506 987 2567 vel
1009 2505 1083 2568 salso
1106 2505 1172 2566 loco
1195 2503 1304 2564 inlatos

156 2612 201 2673 vel
222 2617 329 2692 postea
351 2606 468 2668 additos
490 2607 683 2688 deprehendi.
730 2609 863 2670 Diximus
886 2609 923 2670 de
946 2604 1133 2670 11137—39
1165 2605 1217 2667 llll
1241 2601 1304 2668 236

156 2709 278 2782 -238,
303 2705 484 2774 248-250.
527 2711 623 2770 Etiam
645 2712 677 2772 in
699 2711 830 2772 secundo
853 2711 974 2773 totidem
998 2729 1102 2771 versus
1123 2703 1303 2775 343-345,

159 2817 209 2896 qui
231 2811 417 2874 concludunt
431 2810 649 2890 pulcherrimas
664 2815 748 2874 verni
764 2815 907 2892 temporis
922 2811 1032 2881 laudes,
1057 2810 1194 2872 dubitare
1209 2807 1305 2888 possis

153 2936 196 2994 ¹an
219 2912 408 2976 commodius
429 2920 463 2973 ut
484 2912 694 2992 intellegantur
716 2916 849 2976 luturuur
873 2916 926 2984 sit,
956 2915 981 2974 si
1004 2932 1029 2972 v.
1053 2909 1116 2974 335
1145 2911 1302 2988 excipiant,

157 3025 190 3080 ut
212 3014 309 3095 qualis
332 3015 371 3074 sit
392 3014 486 3096 labor
498 3015 617 3094 planius
639 3017 689 3076 [iat
712 3023 741 3076 et
764 3017 800 3078 ad
822 3025 939 3078 austros
955 3023 984 3076 et
999 3012 1153 3092 aquilones
1175 3012 1300 3090 propius

156 3119 299 3200 respiciat
320 3135 346 3176 v.
370 3113 435 3177 344
458 3119 556 3178 ‘tanta
579 3119 697 3196 quies'‚
721 3118 778 3179 hoe
801 3117 915 3179 scilicet
937 3117 1056 3178 ordine:

364 3274 448 3348 inque
470 3283 554 3328 noms
577 3273 650 3329 soles
673 3274 772 3330 audent
794 3292 824 3332 se
846 3275 966 3348 germina
990 3281 1049 3328 tuto

364 3357 490 3422 credere,
513 3374 564 3413 nec
585 3361 683 3415 metuit
705 3359 843 3433 surgentis
866 3359 1011 3433 pampinus
1033 3363 1143 3413 austros

365 3451 413 3498 eut
434 3451 525 3499 actum
547 3443 622 3500 caelo
645 3447 750 3518 magnis
772 3443 946 3519 aquilonibus
969 3442 1089 3502 imbrem.

288 3532 339 3584 335
361 3527 410 3583 sed
434 3527 517 3594 trudit
539 3545 659 3600 gemmas
682 3538 710 3586 et
731 3530 842 3587 frondes
866 3528 982 3603 explicat
1004 3528 1101 3584 omnis.

290 3615 340 3667 343
362 3629 413 3668 nee
436 3629 481 3668 res
503 3612 576 3668 hunc
600 3622 709 3672 tenerae
731 3623 846 3690 possent
868 3614 990 3689 perferre
1012 3610 1142 3672 laborem,

364 3698 386 3752 si
410 3714 464 3754 non
488 3706 563 3753 tanta
586 3700 664 3772 quies
687 3703 740 3756 iret
762 3700 906 3774 frigusque
928 3698 1103 3770 caloremque

365 3783 450 3845 inter,
473 3791 501 3838 et
524 3784 660 3856 exciperet
682 3784 749 3842 caeli
773 3784 941 3859 indulgentia
963 3790 1060 3838 terras.

161 3935 198 3996 Et
228 3933 301 4018 binc
331 3950 366 3991 oo
394 3932 536 4011 progredi
564 3941 683 4014 poterat
712 3944 817 4015 poeta,
851 3941 884 3994 nt
911 3933 999 3994 etiam
1026 3928 1129 3992 mundi
1162 3929 1308 4006 originem

163 4055 255 4098 uerno
279 4043 415 4112 tempore
437 4035 530 4094 luisse
553 4037 718 4108 coniceret,
749 4055 807 4116 qua
829 4034 983 4114 splendida
1005 4032 1134 4111 imagine
1155 4030 1308 4110 aptissime

163 4146 244 4200 totus
268 4136 354 4196 locus
378 4133 619 4201 concludebatur.
664 4138 723 4200 Sed
746 4138 906 4215 quominus
928 4135 1069 4197 auderem
1100 4140 1200 4195 textus
1228 4130 1307 4192 ordi·

167 4259 235 4302 nem
259 4236 401 4300 traditum
424 4245 549 4310 mutare,
574 4239 714 4302 dissuasit
735 4241 863 4320 primum
887 4237 966 4316 quod
981 4256 1043 4299 non
1058 4235 1095 4298 de
1118 4235 1221 4296 herbis
1243 4243 1307 4294 tan·

162 4350 223 4404 tum
249 4348 278 4400 et
302 4338 445 4417 stirpibus
468 4341 585 4412 dicitur,
610 4343 670 4402 sed
685 4342 722 4402 de
745 4343 850 4404 ‘rebus
867 4340 1005 4410 teneris',
1031 4346 1063 4400 nt
1084 4358 1101 4400 a
1123 4337 1308 4399 nascentium

163 4461 266 4506 rerum
289 4440 481 4514 condicione,
513 4462 588 4525 quae
611 4464 636 4505 v.
660 4439 831 4506 336-342
858 4441 1055 4514 uectabatur,
1086 4439 1122 4502 ad
1146 4459 1179 4501 ea
1201 4437 1308 4519 quibus
