3212 5042
322 429 363 493 32
772 453 1017 497 ruouuoounrm.

323 621 410 682 etiarn
433 641 458 680 v.
484 618 544 681 113
572 623 688 697 quique.
739 621 819 683 llaec
847 631 944 684 autem
969 642 1035 696 curn
1064 623 1134 684 satis
1163 621 1239 682 bene
1268 641 1299 682 se
1328 623 1470 702 excipere

322 723 490 793 videantur,
526 725 785 804 interrumpuntur
808 725 944 787 versibus
968 725 1166 793 alienissimis,
1192 726 1242 802 qui
1266 743 1324 784 nou
1348 725 1383 784 ad
1408 723 1471 784 enl-

321 831 418 886 turam
452 833 610 905 agrorum,
649 827 700 886 sod
739 827 775 887 ad
812 827 886 889 caeli
920 829 1045 906 gratiam
1079 829 1175 888 omnia
1211 827 1367 888 reserenda
1403 845 1471 886 esse

322 925 443 988 docent:

474 1115 524 1166 100
545 1113 634 1169 uiuida
658 1113 774 1175 solstitia
798 1121 879 1188 atque
903 1115 1014 1172 bieures·
1030 1123 1106 1171 orate
1129 1131 1247 1178 serenas,

493 1251 496 1255 .
546 1199 698 1272 agricolae:
723 1199 835 1256 hiberno
858 1199 1004 1257 laetissima
1028 1200 1139 1274 pulvere
1162 1200 1241 1260 farra,

528 1284 633 1340 'lactus
656 1302 737 1358 ager,
762 1285 837 1341 nullo
862 1293 966 1340 tanturn
989 1303 1019 1341 se
1041 1286 1124 1358 Mysia
1146 1285 1221 1341 cultu

544 1371 625 1425 iactat
648 1373 756 1444 etipsa
779 1388 841 1426 suus
864 1373 997 1426 mirantur
1020 1369 1139 1442 Gargara
1162 1381 1275 1425 messes

321 1545 408 1605 Certe
431 1545 476 1604 vel
498 1547 528 1604 in
553 1546 674 1606 exordio
697 1547 742 1606 331
765 1549 796 1608 13
820 1549 899 1608 exitu
923 1547 1013 1607 totius
1036 1545 1093 1604 loci
1116 1543 1183 1604 talia
1206 1543 1354 1604 monenda
1372 1551 1466 1604 eraut.

322 1649 504 1725 Quamquam
529 1647 623 1724 qualia
648 1667 726 1710 nunc
750 1660 832 1718 sunt,
854 1667 959 1734 'neque
981 1656 1049 1727 post
1071 1667 1096 1706 v,
1123 1645 1182 1707 117
1212 1648 1307 1726 posita
1331 1647 1402 1706 satis
1426 1645 1440 1704 l
1459 1679 1468 1690 ·

322 1751 404 1809 ciunt
427 1767 522 1826 neque
546 1764 611 1810 cum
636 1751 839 1831 superioribus
862 1751 939 1812 bene
962 1749 1141 1811 coalescunt.
1188 1747 1291 1808 Hiulca
1315 1749 1413 1815 enim,
1438 1747 1467 1806 ni

307 1845 423 1921 lallor,
455 1871 488 1912 ac
518 1851 642 1912 molesta
671 1855 766 1914 oratio
788 1853 861 1914 baec
884 1855 975 1914 foret:
1007 1854 1105 1913 ‘illitus
1132 1853 1292 1911 immensae
1318 1857 1470 1925 ruperant

320 1955 430 2014 borreo
453 1972 559 2015 messes
583 1951 657 2035 (49).
682 1957 780 2016 umida
805 1955 1005 2016 solstitia...
1031 1959 1098 2030 ipso
1120 1971 1192 2014 suas
1213 1956 1365 2014 mirantur
1391 1957 1467 2011 Gor·

317 2075 399 2130 ptura
420 2075 527 2117 messes
551 2054 749 2136 (tuo-tut).
776 2077 808 2118 ao
831 2060 914 2137 prius
936 2059 1069 2135 ignotum
1092 2058 1173 2116 l'erro
1197 2072 1285 2134 quam
1302 2053 1468 2115 scindimus

253 2175 257 2183 ’
321 2176 440 2236 aequor,
458 2160 568 2220 Ventos
586 2169 614 2221 et
631 2163 741 2221 varium
760 2159 833 2221 caeli
851 2159 1041 2239 praediscere
1057 2178 1156 2219 mores
1173 2157 1249 2218 Cura
1265 2159 1314 2218 sit'
1332 2153 1383 2234 (50
1399 2155 1465 2234 sq).

321 2260 357 2321 Et
371 2268 470 2322 tamen
482 2261 530 2322 bic
543 2261 623 2324 solus
636 2263 719 2324 locus
739 2271 792 2329 est,
808 2261 858 2322 ubi
878 2262 1090 2322 sententiarum
1105 2259 1209 2322 saltem
1228 2261 1326 2319 tenori
1338 2257 1465 2337 quodam

320 2361 407 2423 modo
431 2361 479 2423 illa
502 2364 712 2444 respondeant.
757 2363 833 2436 Quid
855 2365 945 2442 igitur
968 2361 1152 2442 probabilius
1174 2369 1346 2430 statuemus,
1377 2377 1465 2437 quam

321 2465 459 2526 secundis
489 2468 569 2526 eruis
598 2465 655 2527 hoc
684 2467 914 2527 additamentum
945 2465 1122 2526 confinxisse
1145 2463 1321 2541 Vergilium,
1353 2461 1406 2522 sed
1430 2462 1464 2522 ad

320 2565 428 2646 reliqui
452 2569 591 2629 carminis
615 2576 785 2629 contextum
808 2567 1034 2628 adcommodare
1057 2567 1244 2645 neglexisse?
1288 2563 1465 2625 Ladevicum
1518 2621 1522 2626 .

319 2671 349 2729 in
373 2669 467 2730 annal.
493 2669 594 2749 pbilol.
619 2669 738 2730 LXXlll
760 2667 823 2731 465
850 2689 910 2731 333
938 2678 1020 2730 recto
1050 2668 1198 2747 vulgatum
1225 2673 1339 2736 textum
1363 2665 1465 2726 delen-

321 2771 451 2832 dissolu
482 2772 594 2832 eisdem
616 2771 718 2832 LXXV
741 2770 780 2833 77
805 2772 1011 2838 demonstrare
1039 2770 1151 2830 studui:
1181 2769 1260 2830 illius
1289 2776 1464 2845 argumenta

320 2873 507 2953 amplectitur
530 2881 562 2934 ut
585 2874 660 2934 solet
681 2874 824 2936 Tittlerus
846 2892 946 2954 progr.
972 2874 1124 2952 Brigensis
1147 2873 1216 2933 anni
1240 2867 1321 2932 1857
1344 2890 1373 2950 p.
1398 2868 1427 2931 5.

406 2976 563 3036 Praeterea
585 2978 615 3036 in
638 2974 745 3036 11371
770 2995 833 3057 sqq.
857 2976 939 3037 vides
962 2975 1064 3036 eadem
1088 2975 1134 3035 bis
1157 2974 1272 3034 doceri:
1303 2972 1464 3052 prohiben-

288 3081 291 3088 ’
320 3079 389 3139 dum
414 3097 479 3140 esse
503 3098 518 3139 a
541 3085 644 3140 tenera
667 3079 773 3140 irondo
796 3098 901 3159 pecus,
931 3097 999 3138 nam
1022 3080 1084 3156 ipsa
1107 3077 1213 3136 hiemis
1242 3076 1351 3136 duritia
1380 3074 1464 3136 solis·

320 3201 376 3262 que
398 3184 529 3262 potentia
555 3184 647 3261 magis
671 3199 779 3242 nocere
796 3181 953 3242 arboribus
968 3181 1100 3240 serarum
1116 3197 1247 3239 morsum
1266 3175 1464 3258 (utu-375),

321 3301 376 3372 nee
398 3286 509 3364 frigora
532 3293 646 3346 tantum
668 3285 774 3345 obesse
798 3291 848 3344 aut
871 3291 1022 3351 aestatem,
1052 3289 1192 3360 quantum
1212 3281 1316 3340 dentes
1340 3297 1464 3358 gregum

321 3384 516 3466 (uid-379).
548 3388 693 3458 Quoniam
710 3395 806 3447 autem
820 3385 893 3446 haec
905 3385 997 3446 multo
1010 3383 1124 3444 dulcius
1137 3391 1223 3460 atque
1236 3383 1357 3442 uberius
1369 3382 1465 3442 fluunt

318 3489 386 3558 illis,
405 3508 464 3550 non
483 3491 592 3569 poterit
613 3489 733 3550 dubium
748 3507 812 3549 csse
826 3495 892 3549 utra
904 3489 1002 3548 minus
1013 3486 1183 3547 limatorum
1197 3485 1263 3546 loco
1276 3485 1404 3564 supponi
1416 3504 1464 3544 vo·

316 3591 531 3656 lueritauetor.
557 3589 723 3672 Ouidquod
735 3591 960 3670 Peerlkampus,
979 3607 1065 3668 quem
1085 3598 1114 3650 et
1132 3591 1229 3668 ipsum
1242 3587 1463 3649 ultrohichae·

320 3695 452 3754 sitavisse
470 3694 593 3771 gaudeo,
620 3713 657 3754 ne
674 3695 806 3773 potuisse
824 3692 944 3774 quidem
961 3710 1101 3770 umquam
1119 3689 1249 3769 Vergilio
1268 3689 1342 3752 13135
1360 3709 1464 3750 versus

276 3833 280 3840 .
319 3795 421 3875 quales
443 3793 710 3866 313-315513,
741 3795 877 3857 excidere
901 3795 1054 3856 contendit
1075 3795 1218 3855 Mnemos.
1248 3792 1274 3852 ll
1299 3789 1368 3854 148.
1391 3789 1462 3853 379.

321 3899 415 3970 Quem
444 3899 484 3960 ita
513 3901 646 3961 relulare
675 3905 797 3960 conatus
828 3906 872 3959 est
899 3897 1061 3958 Ladevious
1094 3899 1123 3957 in
1156 3913 1257 3976 progr.
1287 3896 1403 3956 Neostr.
1437 3913 1462 3954 a.

321 3997 402 4061 1864
423 4021 452 4081 p.
480 3998 519 4061 14
541 4019 596 4080 sq„
621 4007 653 4061 ut
676 4009 773 4062 tamen
797 4021 828 4062 se
851 4020 934 4061 meae
957 4018 1036 4061 nunc
1059 4001 1260 4068 coniecturae,
1294 4016 1369 4076 quae
1393 3996 1462 4057 olim

318 4105 348 4164 in
372 4123 439 4164 aun.
463 4102 567 4184 philol.
585 4102 686 4164 LXXV
697 4101 742 4168 Ι76
759 4123 802 4182 sq.
827 4110 929 4176 contra
953 4122 1020 4164 eum
1044 4101 1228 4164 defendenda
1250 4101 1356 4170 luerat,
1380 4119 1462 4160 acee-

320 4205 392 4266 deru
430 4207 655 4284 significaverit;
692 4205 876 4286 probabilem
911 4207 941 4266 iu
976 4213 1097 4283 quartae
1131 4203 1268 4265 editionis
1289 4202 1463 4282 'appendice

317 4325 346 4386 p.
373 4303 434 4367 194
455 4308 536 4369 dlxii.

403 4413 435 4472 ln
459 4415 545 4472 tertio
567 4410 644 4472 libro
666 4421 735 4492 post
756 4411 988 4493 pulcherrimam
1012 4411 1207 4472 certaminum
1230 4409 1462 4470 interamnates

318 4521 418 4578 tauros
439 4517 597 4596 imaginem
623 4512 809 4597 (209-241)
834 4523 1002 4576 ceterorum
1019 4513 1188 4574 atrimalium
1205 4510 1348 4594 exernplis
1365 4509 1460 4573 allatis
