<?xml version="1.0" encoding="UTF-8"?>
<!DOCTYPE html PUBLIC "-//W3C//DTD XHTML 1.0 Transitional//EN"
    "http://www.w3.org/TR/xhtml1/DTD/xhtml1-transitional.dtd">
<html xmlns="http://www.w3.org/1999/xhtml" xml:lang="en" lang="en">
 <head>
  <title>
</title>
<meta http-equiv="Content-Type" content="text/html;charset=utf-8" />
  <meta name='ocr-system' content='tesseract 3.04.00' />
  <meta name='ocr-capabilities' content='ocr_page ocr_carea ocr_par ocr_line ocrx_word'/>
</head>
<body>
  <div class='ocr_page' id='page_1' title='image "./pvergilimaronis02ribbgoog/pvergilimaronis02ribbgoog_0042.png"; bbox 0 0 3212 5042; ppageno 0'>
   <div class='ocr_carea' id='block_1_1' title="bbox 628 1206 819 1288">
    <p class='ocr_par' dir='ltr' id='par_1_1' title="bbox 628 1206 819 1288">
     <span class='ocr_line' id='line_1_1' title="bbox 628 1206 819 1288; baseline -0.021 -2"><span class='ocrx_word' id='word_1_1' title='bbox 628 1206 762 1287; x_wconf 78' lang='lat' dir='ltr'><strong>Oneon</strong></span> <span class='ocrx_word' id='word_1_2' title='bbox 789 1213 819 1288; x_wconf 94' lang='lat' dir='ltr'><strong>l.</strong></span> 
     </span>
    </p>
   </div>
   <div class='ocr_carea' id='block_1_2' title="bbox 412 1369 1014 1483">
    <p class='ocr_par' dir='ltr' id='par_1_2' title="bbox 412 1369 1014 1483">
     <span class='ocr_line' id='line_1_2' title="bbox 412 1369 1014 1483; baseline -0.008 -23"><span class='ocrx_word' id='word_1_3' title='bbox 412 1375 475 1460; x_wconf 91' lang='lat' dir='ltr'><strong>De</strong></span> <span class='ocrx_word' id='word_1_4' title='bbox 505 1374 721 1458; x_wconf 89' lang='lat' dir='ltr'><strong>bucolicon</strong></span> <span class='ocrx_word' id='word_1_5' title='bbox 750 1369 1014 1483; x_wconf 83' lang='lat' dir='ltr'><strong>temporibus.</strong></span> 
     </span>
    </p>
   </div>
   <div class='ocr_carea' id='block_1_3' title="bbox 645 1607 796 1616">
    <p class='ocr_par' dir='ltr' id='par_1_3' title="bbox 645 1607 796 1616">
     <span class='ocr_line' id='line_1_3' title="bbox 645 1607 796 1616; baseline -0.007 0"><span class='ocrx_word' id='word_1_6' title='bbox 645 1607 796 1616; x_wconf 72' lang='grc' dir='ltr'><strong>-----ι</strong></span> 
     </span>
    </p>
   </div>
   <div class='ocr_carea' id='block_1_4' title="bbox 140 1743 1293 3178">
    <p class='ocr_par' dir='ltr' id='par_1_4' title="bbox 140 1743 1293 3178">
     <span class='ocr_line' id='line_1_4' title="bbox 213 1743 1292 1842; baseline -0.004 -14"><span class='ocrx_word' id='word_1_7' title='bbox 213 1743 441 1828; x_wconf 69' lang='lat' dir='ltr'><strong>¹Bucolicorum</strong></span> <span class='ocrx_word' id='word_1_8' title='bbox 470 1764 635 1825; x_wconf 82' lang='lat' dir='ltr'><strong>carminum</strong></span> <span class='ocrx_word' id='word_1_9' title='bbox 663 1763 790 1822; x_wconf 81' lang='lat' dir='ltr'>artiores</span> <span class='ocrx_word' id='word_1_10' title='bbox 817 1763 961 1822; x_wconf 90' lang='lat' dir='ltr'><strong>terminos</strong></span> <span class='ocrx_word' id='word_1_11' title='bbox 991 1779 1079 1842; x_wconf 89' lang='lat' dir='ltr'><strong>qnam</strong></span> <span class='ocrx_word' id='word_1_12' title='bbox 1109 1765 1292 1826; x_wconf 69' lang='lat' dir='ltr'>recentiores</span> 
     </span>
     <span class='ocr_line' id='line_1_5' title="bbox 140 1865 1293 1945; baseline -0.002 -17"><span class='ocrx_word' id='word_1_13' title='bbox 140 1871 243 1930; x_wconf 78' lang='lat' dir='ltr'><strong>statuit</strong></span> <span class='ocrx_word' id='word_1_14' title='bbox 258 1870 451 1930; x_wconf 80' lang='lat' dir='ltr'><strong>Asconius</strong></span> <span class='ocrx_word' id='word_1_15' title='bbox 465 1867 674 1941; x_wconf 80' lang='lat' dir='ltr'><em>Pedianus,</em></span> <span class='ocrx_word' id='word_1_16' title='bbox 700 1883 789 1945; x_wconf 91' lang='lat' dir='ltr'><strong>quem</strong></span> <span class='ocrx_word' id='word_1_17' title='bbox 805 1875 955 1926; x_wconf 79' lang='lat' dir='ltr'><strong>auctorem</strong></span> <span class='ocrx_word' id='word_1_18' title='bbox 977 1867 1071 1927; x_wconf 87' lang='lat' dir='ltr'><strong>secuti</strong></span> <span class='ocrx_word' id='word_1_19' title='bbox 1094 1873 1163 1927; x_wconf 90' lang='lat' dir='ltr'><strong>sunt</strong></span> <span class='ocrx_word' id='word_1_20' title='bbox 1179 1865 1293 1926; x_wconf 86' lang='lat' dir='ltr'><strong>Probus</strong></span> 
     </span>
     <span class='ocr_line' id='line_1_6' title="bbox 141 1961 1291 2052; baseline -0.002 -21"><span class='ocrx_word' id='word_1_21' title='bbox 141 1973 193 2052; x_wconf 93' lang='lat' dir='ltr'><strong>qni</strong></span> <span class='ocrx_word' id='word_1_22' title='bbox 215 1971 326 2031; x_wconf 91' lang='lat' dir='ltr'><strong>dicitur</strong></span> <span class='ocrx_word' id='word_1_23' title='bbox 348 1971 380 2030; x_wconf 81' lang='lat' dir='ltr'><strong>tn</strong></span> <span class='ocrx_word' id='word_1_24' title='bbox 402 1971 460 2030; x_wconf 86' lang='lat' dir='ltr'><strong>vita</strong></span> <span class='ocrx_word' id='word_1_25' title='bbox 482 1987 511 2049; x_wconf 90' lang='lat' dir='ltr'><strong>p.</strong></span> <span class='ocrx_word' id='word_1_26' title='bbox 537 1967 564 2038; x_wconf 93' lang='lat'><strong>1,</strong></span> <span class='ocrx_word' id='word_1_27' title='bbox 589 1964 630 2028; x_wconf 78' lang='lat'><strong>12</strong></span> <span class='ocrx_word' id='word_1_28' title='bbox 652 1967 686 2028; x_wconf 89' lang='lat' dir='ltr'><strong>K.</strong></span> <span class='ocrx_word' id='word_1_29' title='bbox 712 1966 857 2046; x_wconf 90' lang='lat' dir='ltr'><strong>(Suetonii</strong></span> <span class='ocrx_word' id='word_1_30' title='bbox 884 1967 939 2029; x_wconf 89' lang='lat' dir='ltr'><strong>rel.</strong></span> <span class='ocrx_word' id='word_1_31' title='bbox 963 1987 992 2049; x_wconf 87' lang='lat' dir='ltr'><strong>p.</strong></span> <span class='ocrx_word' id='word_1_32' title='bbox 1016 1961 1067 2039; x_wconf 85' lang='lat'><strong>53,</strong></span> <span class='ocrx_word' id='word_1_33' title='bbox 1090 1965 1111 2029; x_wconf 83' lang='lat'>9</span> <span class='ocrx_word' id='word_1_34' title='bbox 1133 1968 1178 2049; x_wconf 86' lang='lat' dir='ltr'><strong>n.)</strong></span> <span class='ocrx_word' id='word_1_35' title='bbox 1210 1977 1239 2029; x_wconf 90' lang='lat' dir='ltr'><strong>et</strong></span> <span class='ocrx_word' id='word_1_36' title='bbox 1261 1971 1291 2029; x_wconf 91' lang='lat' dir='ltr'><strong>in</strong></span> 
     </span>
     <span class='ocr_line' id='line_1_7' title="bbox 140 2067 1292 2154; baseline -0.002 -20"><span class='ocrx_word' id='word_1_37' title='bbox 140 2073 308 2154; x_wconf 89' lang='lat' dir='ltr'><strong>prolegom.</strong></span> <span class='ocrx_word' id='word_1_38' title='bbox 339 2073 375 2134; x_wconf 93' lang='lat' dir='ltr'><strong>ad</strong></span> <span class='ocrx_word' id='word_1_39' title='bbox 404 2070 501 2134; x_wconf 89' lang='lat' dir='ltr'><strong>bucol.</strong></span> <span class='ocrx_word' id='word_1_40' title='bbox 524 2091 553 2152; x_wconf 90' lang='lat' dir='ltr'><strong>p.</strong></span> <span class='ocrx_word' id='word_1_41' title='bbox 578 2067 607 2142; x_wconf 86' lang='grc'><strong>’1,</strong></span> <span class='ocrx_word' id='word_1_42' title='bbox 631 2067 649 2131; x_wconf 81' lang='grc'><strong>7</strong></span> <span class='ocrx_word' id='word_1_43' title='bbox 673 2069 718 2141; x_wconf 80' lang='lat' dir='ltr'><strong>it,</strong></span> <span class='ocrx_word' id='word_1_44' title='bbox 749 2071 868 2133; x_wconf 91' lang='lat' dir='ltr'><strong>Servius</strong></span> <span class='ocrx_word' id='word_1_45' title='bbox 896 2072 927 2130; x_wconf 93' lang='lat' dir='ltr'><strong>in</strong></span> <span class='ocrx_word' id='word_1_46' title='bbox 954 2071 1047 2151; x_wconf 85' lang='lat' dir='ltr'><strong>praet.</strong></span> <span class='ocrx_word' id='word_1_47' title='bbox 1076 2069 1173 2132; x_wconf 89' lang='lat' dir='ltr'><strong>bucol.</strong></span> <span class='ocrx_word' id='word_1_48' title='bbox 1198 2091 1226 2150; x_wconf 91' lang='lat' dir='ltr'><strong>p.</strong></span> <span class='ocrx_word' id='word_1_49' title='bbox 1251 2068 1292 2132; x_wconf 79' lang='lat'><strong>96</strong></span> 
     </span>
     <span class='ocr_line' id='line_1_8' title="bbox 140 2157 1292 2253; baseline -0.003 -16"><span class='ocrx_word' id='word_1_50' title='bbox 140 2177 176 2237; x_wconf 91' lang='lat' dir='ltr'><strong>L.</strong></span> <span class='ocrx_word' id='word_1_51' title='bbox 203 2184 233 2236; x_wconf 91' lang='lat' dir='ltr'><strong>et</strong></span> <span class='ocrx_word' id='word_1_52' title='bbox 261 2157 307 2236; x_wconf 85' lang='lat' dir='ltr'><strong>in</strong></span> <span class='ocrx_word' id='word_1_53' title='bbox 322 2177 380 2236; x_wconf 91' lang='lat' dir='ltr'><strong>vita</strong></span> <span class='ocrx_word' id='word_1_54' title='bbox 403 2175 616 2235; x_wconf 89' lang='lat' dir='ltr'><strong>commentario</strong></span> <span class='ocrx_word' id='word_1_55' title='bbox 639 2172 787 2234; x_wconf 79' lang='lat' dir='ltr'>Aeneidos</span> <span class='ocrx_word' id='word_1_56' title='bbox 808 2174 970 2253; x_wconf 90' lang='lat' dir='ltr'><strong>praemissa</strong></span> <span class='ocrx_word' id='word_1_57' title='bbox 992 2193 1021 2253; x_wconf 90' lang='lat' dir='ltr'><strong>p.</strong></span> <span class='ocrx_word' id='word_1_58' title='bbox 1048 2171 1064 2233; x_wconf 99' lang='grc'><strong>1</strong></span> <span class='ocrx_word' id='word_1_59' title='bbox 1088 2173 1132 2244; x_wconf 76' lang='lat' dir='ltr'><strong>t,</strong></span> <span class='ocrx_word' id='word_1_60' title='bbox 1161 2173 1292 2234; x_wconf 83' lang='lat' dir='ltr'><strong>Donatus</strong></span> 
     </span>
     <span class='ocr_line' id='line_1_9' title="bbox 140 2271 1291 2358; baseline -0.002 -20"><span class='ocrx_word' id='word_1_61' title='bbox 140 2281 174 2338; x_wconf 92' lang='lat' dir='ltr'><strong>in</strong></span> <span class='ocrx_word' id='word_1_62' title='bbox 195 2281 254 2340; x_wconf 83' lang='lat' dir='ltr'><strong>vita</strong></span> <span class='ocrx_word' id='word_1_63' title='bbox 277 2278 420 2358; x_wconf 81' lang='lat' dir='ltr'><strong>(Suetonii</strong></span> <span class='ocrx_word' id='word_1_64' title='bbox 443 2276 498 2338; x_wconf 91' lang='lat' dir='ltr'><strong>rel.</strong></span> <span class='ocrx_word' id='word_1_65' title='bbox 520 2295 549 2356; x_wconf 89' lang='lat' dir='ltr'><strong>p.</strong></span> <span class='ocrx_word' id='word_1_66' title='bbox 573 2271 624 2346; x_wconf 88' lang='grc'><strong>60,</strong></span> <span class='ocrx_word' id='word_1_67' title='bbox 646 2271 668 2336; x_wconf 77' lang='lat'>5</span> <span class='ocrx_word' id='word_1_68' title='bbox 690 2273 752 2354; x_wconf 85' lang='lat' dir='ltr'><strong>R.),</strong></span> <span class='ocrx_word' id='word_1_69' title='bbox 775 2275 890 2336; x_wconf 91' lang='lat' dir='ltr'><strong>Phocas</strong></span> <span class='ocrx_word' id='word_1_70' title='bbox 918 2277 949 2336; x_wconf 94' lang='lat' dir='ltr'><strong>in</strong></span> <span class='ocrx_word' id='word_1_71' title='bbox 978 2277 1033 2338; x_wconf 90' lang='lat' dir='ltr'><strong>vita</strong></span> <span class='ocrx_word' id='word_1_72' title='bbox 1056 2275 1190 2337; x_wconf 88' lang='lat' dir='ltr'><strong>versibus</strong></span> <span class='ocrx_word' id='word_1_73' title='bbox 1213 2276 1291 2337; x_wconf 89' lang='lat' dir='ltr'><strong>edita</strong></span> 
     </span>
     <span class='ocr_line' id='line_1_10' title="bbox 141 2376 1293 2461; baseline -0.005 -20"><span class='ocrx_word' id='word_1_74' title='bbox 141 2380 174 2460; x_wconf 90' lang='lat' dir='ltr'><strong>(l.</strong></span> <span class='ocrx_word' id='word_1_75' title='bbox 201 2380 221 2441; x_wconf 92' lang='lat' dir='ltr'><strong>l.</strong></span> <span class='ocrx_word' id='word_1_76' title='bbox 249 2401 279 2461; x_wconf 92' lang='lat' dir='ltr'><strong>p.</strong></span> <span class='ocrx_word' id='word_1_77' title='bbox 310 2377 366 2451; x_wconf 78' lang='lat'><strong>71,</strong></span> <span class='ocrx_word' id='word_1_78' title='bbox 389 2376 432 2440; x_wconf 87' lang='grc'><strong>30</strong></span> <span class='ocrx_word' id='word_1_79' title='bbox 457 2378 515 2459; x_wconf 90' lang='lat' dir='ltr'><strong>R.).</strong></span> <span class='ocrx_word' id='word_1_80' title='bbox 565 2376 619 2439; x_wconf 94' lang='lat' dir='ltr'><strong>Illo</strong></span> <span class='ocrx_word' id='word_1_81' title='bbox 646 2377 736 2456; x_wconf 88' lang='lat' dir='ltr'><strong>igitur</strong></span> <span class='ocrx_word' id='word_1_82' title='bbox 761 2384 882 2440; x_wconf 90' lang='lat' dir='ltr'><strong>auctore</strong></span> <span class='ocrx_word' id='word_1_83' title='bbox 911 2377 1046 2441; x_wconf 92' lang='lat' dir='ltr'><strong>bucolica</strong></span> <span class='ocrx_word' id='word_1_84' title='bbox 1077 2378 1166 2440; x_wconf 90' lang='lat' dir='ltr'><strong>edere</strong></span> <span class='ocrx_word' id='word_1_85' title='bbox 1193 2381 1293 2459; x_wconf 89' lang='lat' dir='ltr'><strong>coepit</strong></span> 
     </span>
     <span class='ocr_line' id='line_1_11' title="bbox 140 2477 1291 2563; baseline -0.001 -19"><span class='ocrx_word' id='word_1_86' title='bbox 140 2481 290 2562; x_wconf 88' lang='lat' dir='ltr'><strong>Vergilius</strong></span> <span class='ocrx_word' id='word_1_87' title='bbox 313 2500 406 2542; x_wconf 91' lang='lat' dir='ltr'><strong>annos</strong></span> <span class='ocrx_word' id='word_1_88' title='bbox 428 2488 514 2543; x_wconf 89' lang='lat' dir='ltr'><strong>natus</strong></span> <span class='ocrx_word' id='word_1_89' title='bbox 529 2479 655 2551; x_wconf 84' lang='lat' dir='ltr'>XXVIII,</span> <span class='ocrx_word' id='word_1_90' title='bbox 678 2480 707 2542; x_wconf 92' lang='lat' dir='ltr'><strong>h.</strong></span> <span class='ocrx_word' id='word_1_91' title='bbox 733 2500 758 2546; x_wconf 92' lang='lat' dir='ltr'><strong>e.</strong></span> <span class='ocrx_word' id='word_1_92' title='bbox 781 2499 859 2542; x_wconf 91' lang='lat' dir='ltr'><strong>anno</strong></span> <span class='ocrx_word' id='word_1_93' title='bbox 882 2477 959 2553; x_wconf 79' lang='lat'><strong>712,</strong></span> <span class='ocrx_word' id='word_1_94' title='bbox 982 2480 1179 2563; x_wconf 82' lang='lat' dir='ltr'><strong>incohataque</strong></span> <span class='ocrx_word' id='word_1_95' title='bbox 1199 2484 1291 2545; x_wconf 80' lang='lat' dir='ltr'><strong>Asinii</strong></span> 
     </span>
     <span class='ocr_line' id='line_1_12' title="bbox 143 2583 1290 2664; baseline -0.001 -16"><span class='ocrx_word' id='word_1_96' title='bbox 143 2584 287 2648; x_wconf 90' lang='lat' dir='ltr'><strong>Pollionis</strong></span> <span class='ocrx_word' id='word_1_97' title='bbox 315 2603 405 2646; x_wconf 92' lang='lat' dir='ltr'><strong>suasu</strong></span> <span class='ocrx_word' id='word_1_98' title='bbox 432 2584 560 2664; x_wconf 80' lang='lat' dir='ltr'><strong>perfecit</strong></span> <span class='ocrx_word' id='word_1_99' title='bbox 589 2589 676 2663; x_wconf 89' lang='lat' dir='ltr'><strong>atque</strong></span> <span class='ocrx_word' id='word_1_100' title='bbox 706 2583 873 2644; x_wconf 87' lang='lat' dir='ltr'><strong>emendavit</strong></span> <span class='ocrx_word' id='word_1_101' title='bbox 899 2585 978 2645; x_wconf 88' lang='lat' dir='ltr'><strong>intra</strong></span> <span class='ocrx_word' id='word_1_102' title='bbox 1006 2586 1182 2656; x_wconf 90' lang='lat' dir='ltr'><strong>trienninm,</strong></span> <span class='ocrx_word' id='word_1_103' title='bbox 1211 2585 1241 2646; x_wconf 91' lang='lat' dir='ltr'><strong>h.</strong></span> <span class='ocrx_word' id='word_1_104' title='bbox 1264 2605 1290 2648; x_wconf 90' lang='lat' dir='ltr'><strong>e.</strong></span> 
     </span>
     <span class='ocr_line' id='line_1_13' title="bbox 143 2682 1290 2767; baseline 0 -19"><span class='ocrx_word' id='word_1_105' title='bbox 143 2689 274 2749; x_wconf 88' lang='lat' dir='ltr'><strong>sirecte</strong></span> <span class='ocrx_word' id='word_1_106' title='bbox 295 2688 485 2767; x_wconf 85' lang='lat' dir='ltr'><strong>interpretor,</strong></span> <span class='ocrx_word' id='word_1_107' title='bbox 509 2687 593 2748; x_wconf 90' lang='lat' dir='ltr'><strong>annis</strong></span> <span class='ocrx_word' id='word_1_108' title='bbox 615 2682 793 2748; x_wconf 72' lang='lat' dir='ltr'><strong>713-71o</strong></span> <span class='ocrx_word' id='word_1_109' title='bbox 838 2685 923 2757; x_wconf 80' lang='lat' dir='ltr'><strong>Quod</strong></span> <span class='ocrx_word' id='word_1_110' title='bbox 946 2705 1014 2749; x_wconf 82' lang='lat' dir='ltr'><strong>curn</strong></span> <span class='ocrx_word' id='word_1_111' title='bbox 1037 2705 1097 2748; x_wconf 92' lang='lat' dir='ltr'><strong>non</strong></span> <span class='ocrx_word' id='word_1_112' title='bbox 1120 2689 1290 2749; x_wconf 90' lang='lat' dir='ltr'><strong>coniectura</strong></span> 
     </span>
     <span class='ocr_line' id='line_1_14' title="bbox 145 2789 1290 2870; baseline 0 -20"><span class='ocrx_word' id='word_1_113' title='bbox 145 2789 317 2852; x_wconf 83' lang='lat' dir='ltr'><strong>adsecutum</strong></span> <span class='ocrx_word' id='word_1_114' title='bbox 334 2807 398 2851; x_wconf 91' lang='lat' dir='ltr'><strong>esse</strong></span> <span class='ocrx_word' id='word_1_115' title='bbox 421 2789 646 2868; x_wconf 90' lang='lat' dir='ltr'><strong>grammaticum</strong></span> <span class='ocrx_word' id='word_1_116' title='bbox 662 2789 772 2869; x_wconf 86' lang='lat' dir='ltr'><strong>optIme</strong></span> <span class='ocrx_word' id='word_1_117' title='bbox 787 2789 981 2861; x_wconf 90' lang='lat' dir='ltr'><strong>instructum,</strong></span> <span class='ocrx_word' id='word_1_118' title='bbox 1005 2792 1056 2870; x_wconf 91' lang='lat' dir='ltr'><strong>qui</strong></span> <span class='ocrx_word' id='word_1_119' title='bbox 1072 2792 1096 2851; x_wconf 94' lang='lat' dir='ltr'><strong>si</strong></span> <span class='ocrx_word' id='word_1_120' title='bbox 1111 2809 1171 2851; x_wconf 91' lang='lat' dir='ltr'><strong>non</strong></span> <span class='ocrx_word' id='word_1_121' title='bbox 1194 2792 1290 2870; x_wconf 92' lang='lat' dir='ltr'><strong>ipsum</strong></span> 
     </span>
     <span class='ocr_line' id='line_1_15' title="bbox 143 2889 1292 2972; baseline -0.002 -18"><span class='ocrx_word' id='word_1_122' title='bbox 143 2891 325 2972; x_wconf 83' lang='lat' dir='ltr'><strong>Vergilium,</strong></span> <span class='ocrx_word' id='word_1_123' title='bbox 356 2899 386 2952; x_wconf 93' lang='lat' dir='ltr'><strong>at</strong></span> <span class='ocrx_word' id='word_1_124' title='bbox 413 2898 493 2952; x_wconf 91' lang='lat' dir='ltr'><strong>certe</strong></span> <span class='ocrx_word' id='word_1_125' title='bbox 523 2893 650 2952; x_wconf 90' lang='lat' dir='ltr'><strong>amicum</strong></span> <span class='ocrx_word' id='word_1_126' title='bbox 680 2892 742 2952; x_wconf 90' lang='lat' dir='ltr'><strong>eius</strong></span> <span class='ocrx_word' id='word_1_127' title='bbox 764 2889 935 2953; x_wconf 82' lang='lat' dir='ltr'><strong>Cornelium</strong></span> <span class='ocrx_word' id='word_1_128' title='bbox 959 2891 1073 2953; x_wconf 89' lang='lat' dir='ltr'><strong>Gallum</strong></span> <span class='ocrx_word' id='word_1_129' title='bbox 1104 2892 1292 2954; x_wconf 88' lang='lat' dir='ltr'><strong>consuluerat</strong></span> 
     </span>
     <span class='ocr_line' id='line_1_16' title="bbox 149 2989 1291 3075; baseline 0 -20"><span class='ocrx_word' id='word_1_130' title='bbox 149 2994 198 3075; x_wconf 87' lang='lat' dir='ltr'><strong>(ci.</strong></span> <span class='ocrx_word' id='word_1_131' title='bbox 222 2995 344 3057; x_wconf 88' lang='lat' dir='ltr'><strong>Servius</strong></span> <span class='ocrx_word' id='word_1_132' title='bbox 371 2993 408 3056; x_wconf 91' lang='lat' dir='ltr'><strong>ad</strong></span> <span class='ocrx_word' id='word_1_133' title='bbox 438 2993 492 3054; x_wconf 89' lang='lat' dir='ltr'><strong>ecl.</strong></span> <span class='ocrx_word' id='word_1_134' title='bbox 521 2993 559 3054; x_wconf 89' lang='lat' dir='ltr'><strong>lv</strong></span> <span class='ocrx_word' id='word_1_135' title='bbox 588 2989 627 3054; x_wconf 80' lang='lat'><strong>12</strong></span> <span class='ocrx_word' id='word_1_136' title='bbox 654 3001 774 3074; x_wconf 88' lang='lat' dir='ltr'><strong>praeter</strong></span> <span class='ocrx_word' id='word_1_137' title='bbox 803 2993 929 3055; x_wconf 88' lang='lat' dir='ltr'><strong>eundem</strong></span> <span class='ocrx_word' id='word_1_138' title='bbox 959 3001 987 3054; x_wconf 90' lang='lat' dir='ltr'><strong>et</strong></span> <span class='ocrx_word' id='word_1_139' title='bbox 1009 2994 1227 3075; x_wconf 75' lang='lat' dir='ltr'><strong>philargyrium</strong></span> <span class='ocrx_word' id='word_1_140' title='bbox 1254 2994 1291 3055; x_wconf 91' lang='lat' dir='ltr'><strong>ad</strong></span> 
     </span>
     <span class='ocr_line' id='line_1_17' title="bbox 146 3092 1290 3178; baseline 0 -21"><span class='ocrx_word' id='word_1_141' title='bbox 146 3096 199 3158; x_wconf 83' lang='lat' dir='ltr'><strong>ecl.</strong></span> <span class='ocrx_word' id='word_1_142' title='bbox 224 3097 265 3158; x_wconf 96' lang='lat' dir='ltr'><strong>lII</strong></span> <span class='ocrx_word' id='word_1_143' title='bbox 289 3092 351 3159; x_wconf 87' lang='lat'><strong>105</strong></span> <span class='ocrx_word' id='word_1_144' title='bbox 373 3105 440 3157; x_wconf 90' lang='lat' dir='ltr'><strong>curn</strong></span> <span class='ocrx_word' id='word_1_145' title='bbox 455 3096 578 3158; x_wconf 90' lang='lat' dir='ltr'><strong>Madvici</strong></span> <span class='ocrx_word' id='word_1_146' title='bbox 603 3095 640 3156; x_wconf 93' lang='lat' dir='ltr'><strong>de</strong></span> <span class='ocrx_word' id='word_1_147' title='bbox 661 3097 788 3158; x_wconf 83' lang='lat' dir='ltr'><strong>Asconio</strong></span> <span class='ocrx_word' id='word_1_148' title='bbox 811 3096 1032 3178; x_wconf 89' lang='lat' dir='ltr'><strong>disputatione),</strong></span> <span class='ocrx_word' id='word_1_149' title='bbox 1056 3099 1108 3159; x_wconf 89' lang='lat' dir='ltr'><strong>sed</strong></span> <span class='ocrx_word' id='word_1_150' title='bbox 1131 3101 1290 3158; x_wconf 81' lang='lat' dir='ltr'><strong>‘constare’</strong></span> 
     </span>
    </p>
   </div>
   <div class='ocr_carea' id='block_1_5' title="bbox 147 3293 1292 4512">
    <p class='ocr_par' dir='ltr' id='par_1_5' title="bbox 147 3293 1292 3793">
     <span class='ocr_line' id='line_1_18' title="bbox 148 3293 1292 3381; baseline 0 -19"><span class='ocrx_word' id='word_1_151' title='bbox 148 3303 242 3362; x_wconf 92' lang='lat' dir='ltr'><strong>nostri</strong></span> <span class='ocrx_word' id='word_1_152' title='bbox 270 3308 407 3363; x_wconf 86' lang='lat' dir='ltr'><strong>auctores</strong></span> <span class='ocrx_word' id='word_1_153' title='bbox 435 3301 655 3373; x_wconf 83' lang='lat' dir='ltr'><strong>adnotaverint,</strong></span> <span class='ocrx_word' id='word_1_154' title='bbox 690 3320 728 3363; x_wconf 91' lang='lat' dir='ltr'><strong>ne</strong></span> <span class='ocrx_word' id='word_1_155' title='bbox 756 3293 843 3362; x_wconf 86' lang='lat' dir='ltr'><strong>nohi&#39;s</strong></span> <span class='ocrx_word' id='word_1_156' title='bbox 872 3302 990 3381; x_wconf 92' lang='lat' dir='ltr'><strong>quidem</strong></span> <span class='ocrx_word' id='word_1_157' title='bbox 1019 3303 1083 3362; x_wconf 92' lang='lat' dir='ltr'><strong>sine</strong></span> <span class='ocrx_word' id='word_1_158' title='bbox 1112 3303 1292 3381; x_wconf 87' lang='lat' dir='ltr'><strong>gravissimis</strong></span> 
     </span>
     <span class='ocr_line' id='line_1_19' title="bbox 147 3403 1292 3484; baseline 0.001 -21"><span class='ocrx_word' id='word_1_159' title='bbox 147 3405 240 3465; x_wconf 89' lang='lat' dir='ltr'><strong>causis</strong></span> <span class='ocrx_word' id='word_1_160' title='bbox 262 3403 337 3465; x_wconf 85' lang='lat' dir='ltr'><strong>fines</strong></span> <span class='ocrx_word' id='word_1_161' title='bbox 359 3403 425 3465; x_wconf 92' lang='lat' dir='ltr'><strong>illos</strong></span> <span class='ocrx_word' id='word_1_162' title='bbox 447 3407 478 3466; x_wconf 93' lang='lat' dir='ltr'><strong>in</strong></span> <span class='ocrx_word' id='word_1_163' title='bbox 501 3404 692 3484; x_wconf 86' lang='lat' dir='ltr'><strong>adsignandis</strong></span> <span class='ocrx_word' id='word_1_164' title='bbox 713 3410 813 3464; x_wconf 88' lang='lat' dir='ltr'><strong>certae</strong></span> <span class='ocrx_word' id='word_1_165' title='bbox 835 3405 923 3465; x_wconf 87' lang='lat' dir='ltr'><strong>aetati</strong></span> <span class='ocrx_word' id='word_1_166' title='bbox 943 3403 1069 3482; x_wconf 56' lang='lat' dir='ltr'><strong>,singulis</strong></span> <span class='ocrx_word' id='word_1_167' title='bbox 1091 3403 1201 3483; x_wconf 88' lang='lat' dir='ltr'><strong>eelogis</strong></span> <span class='ocrx_word' id='word_1_168' title='bbox 1223 3403 1292 3464; x_wconf 90' lang='lat' dir='ltr'><strong>licet</strong></span> 
     </span>
     <span class='ocr_line' id='line_1_20' title="bbox 147 3504 1290 3586; baseline 0.001 -21"><span class='ocrx_word' id='word_1_169' title='bbox 147 3504 326 3585; x_wconf 88' lang='lat' dir='ltr'><strong>relinquere.</strong></span> <span class='ocrx_word' id='word_1_170' title='bbox 371 3505 407 3568; x_wconf 88' lang='lat' dir='ltr'><strong>Et</strong></span> <span class='ocrx_word' id='word_1_171' title='bbox 437 3525 509 3569; x_wconf 88' lang='lat' dir='ltr'><strong>sane</strong></span> <span class='ocrx_word' id='word_1_172' title='bbox 537 3509 670 3586; x_wconf 83' lang='lat' dir='ltr'><strong>cogimur</strong></span> <span class='ocrx_word' id='word_1_173' title='bbox 698 3507 784 3568; x_wconf 82' lang='lat' dir='ltr'><strong>firmo</strong></span> <span class='ocrx_word' id='word_1_174' title='bbox 812 3512 899 3586; x_wconf 90' lang='lat' dir='ltr'><strong>atque</strong></span> <span class='ocrx_word' id='word_1_175' title='bbox 926 3505 1092 3568; x_wconf 91' lang='lat' dir='ltr'><strong>indubitato</strong></span> <span class='ocrx_word' id='word_1_176' title='bbox 1115 3513 1290 3586; x_wconf 88' lang='lat' dir='ltr'><strong>argumento</strong></span> 
     </span>
     <span class='ocr_line' id='line_1_21' title="bbox 148 3607 1292 3689; baseline 0.002 -22"><span class='ocrx_word' id='word_1_177' title='bbox 148 3607 241 3680; x_wconf 91' lang='lat' dir='ltr'><strong>nullo,</strong></span> <span class='ocrx_word' id='word_1_178' title='bbox 264 3607 409 3671; x_wconf 91' lang='lat' dir='ltr'><strong>modone</strong></span> <span class='ocrx_word' id='word_1_179' title='bbox 430 3609 653 3673; x_wconf 89' lang='lat' dir='ltr'><strong>ariolationibus</strong></span> <span class='ocrx_word' id='word_1_180' title='bbox 676 3616 725 3670; x_wconf 93' lang='lat' dir='ltr'><strong>aut</strong></span> <span class='ocrx_word' id='word_1_181' title='bbox 747 3610 869 3687; x_wconf 91' lang='lat' dir='ltr'><strong>argutiis</strong></span> <span class='ocrx_word' id='word_1_182' title='bbox 890 3608 1106 3689; x_wconf 85' lang='lat' dir='ltr'><strong>indulgeamus</strong></span> <span class='ocrx_word' id='word_1_183' title='bbox 1153 3609 1237 3680; x_wconf 81' lang='lat' dir='ltr'><strong>Quod</strong></span> <span class='ocrx_word' id='word_1_184' title='bbox 1260 3616 1292 3670; x_wconf 92' lang='lat' dir='ltr'><strong>ut</strong></span> 
     </span>
     <span class='ocr_line' id='line_1_22' title="bbox 148 3709 1136 3793; baseline 0.002 -24"><span class='ocrx_word' id='word_1_185' title='bbox 148 3709 364 3783; x_wconf 89' lang='lat' dir='ltr'><strong>demonstrem,</strong></span> <span class='ocrx_word' id='word_1_186' title='bbox 388 3713 489 3792; x_wconf 88' lang='lat' dir='ltr'><strong>paucis</strong></span> <span class='ocrx_word' id='word_1_187' title='bbox 511 3712 645 3793; x_wconf 86' lang='lat' dir='ltr'><strong>singulae</strong></span> <span class='ocrx_word' id='word_1_188' title='bbox 668 3711 787 3791; x_wconf 88' lang='lat' dir='ltr'><strong>eclogae</strong></span> <span class='ocrx_word' id='word_1_189' title='bbox 809 3710 1036 3789; x_wconf 87' lang='lat' dir='ltr'><strong>perlustrandae</strong></span> <span class='ocrx_word' id='word_1_190' title='bbox 1059 3719 1136 3774; x_wconf 91' lang='lat' dir='ltr'><strong>sunt.</strong></span> 
     </span>
    </p>

    <p class='ocr_par' dir='ltr' id='par_1_6' title="bbox 147 3815 1290 4512">
     <span class='ocr_line' id='line_1_23' title="bbox 232 3815 1289 3895; baseline 0 -19"><span class='ocrx_word' id='word_1_191' title='bbox 232 3815 273 3876; x_wconf 81' lang='lat' dir='ltr'><strong>Ac</strong></span> <span class='ocrx_word' id='word_1_192' title='bbox 296 3815 425 3895; x_wconf 91' lang='lat' dir='ltr'><strong>primum</strong></span> <span class='ocrx_word' id='word_1_193' title='bbox 448 3815 567 3895; x_wconf 86' lang='lat' dir='ltr'><strong>quidem</strong></span> <span class='ocrx_word' id='word_1_194' title='bbox 584 3817 748 3878; x_wconf 89' lang='lat' dir='ltr'><strong>carminum</strong></span> <span class='ocrx_word' id='word_1_195' title='bbox 771 3815 832 3876; x_wconf 90' lang='lat' dir='ltr'><strong>sive</strong></span> <span class='ocrx_word' id='word_1_196' title='bbox 847 3833 907 3876; x_wconf 93' lang='lat' dir='ltr'><strong>non</strong></span> <span class='ocrx_word' id='word_1_197' title='bbox 929 3815 1130 3895; x_wconf 88' lang='lat' dir='ltr'><strong>perlectorum</strong></span> <span class='ocrx_word' id='word_1_198' title='bbox 1147 3817 1207 3877; x_wconf 89' lang='lat' dir='ltr'><strong>sive</strong></span> <span class='ocrx_word' id='word_1_199' title='bbox 1230 3836 1289 3878; x_wconf 91' lang='lat' dir='ltr'><strong>non</strong></span> 
     </span>
     <span class='ocr_line' id='line_1_24' title="bbox 149 3913 1289 3998; baseline 0.005 -24"><span class='ocrx_word' id='word_1_200' title='bbox 149 3915 295 3979; x_wconf 83' lang='lat' dir='ltr'><strong>editorum</strong></span> <span class='ocrx_word' id='word_1_201' title='bbox 319 3917 440 3979; x_wconf 82' lang='lat' dir='ltr'><strong>frustula</strong></span> <span class='ocrx_word' id='word_1_202' title='bbox 464 3916 528 3989; x_wconf 89' lang='lat' dir='ltr'><strong>illa,</strong></span> <span class='ocrx_word' id='word_1_203' title='bbox 553 3936 628 3998; x_wconf 90' lang='lat' dir='ltr'><strong>quae</strong></span> <span class='ocrx_word' id='word_1_204' title='bbox 650 3920 680 3979; x_wconf 83' lang='lat' dir='ltr'><strong>tn</strong></span> <span class='ocrx_word' id='word_1_205' title='bbox 705 3917 758 3979; x_wconf 91' lang='lat' dir='ltr'><strong>ecl.</strong></span> <span class='ocrx_word' id='word_1_206' title='bbox 776 3915 815 3977; x_wconf 90' lang='lat' dir='ltr'><strong>IX</strong></span> <span class='ocrx_word' id='word_1_207' title='bbox 830 3913 871 3978; x_wconf 83' lang='lat'><strong>23</strong></span> <span class='ocrx_word' id='word_1_208' title='bbox 892 3936 956 3998; x_wconf 91' lang='lat' dir='ltr'><strong>sqq.</strong></span> <span class='ocrx_word' id='word_1_209' title='bbox 971 3913 1013 3980; x_wconf 88' lang='lat'><strong>39</strong></span> <span class='ocrx_word' id='word_1_210' title='bbox 1035 3936 1098 3998; x_wconf 88' lang='lat' dir='ltr'><strong>sqq.</strong></span> <span class='ocrx_word' id='word_1_211' title='bbox 1123 3919 1289 3990; x_wconf 87' lang='lat' dir='ltr'><strong>laudantur,</strong></span> 
     </span>
     <span class='ocr_line' id='line_1_25' title="bbox 147 4018 1290 4102; baseline 0.002 -22"><span class='ocrx_word' id='word_1_212' title='bbox 147 4019 267 4099; x_wconf 76' lang='lat' dir='ltr'><strong>‘Tityre</strong></span> <span class='ocrx_word' id='word_1_213' title='bbox 299 4021 371 4082; x_wconf 86' lang='lat' dir='ltr'><strong>dum</strong></span> <span class='ocrx_word' id='word_1_214' title='bbox 403 4021 512 4084; x_wconf 85' lang='lat' dir='ltr'><strong>redeo’</strong></span> <span class='ocrx_word' id='word_1_215' title='bbox 543 4040 578 4082; x_wconf 85' lang='lat' dir='ltr'><strong>ex</strong></span> <span class='ocrx_word' id='word_1_216' title='bbox 600 4021 771 4083; x_wconf 85' lang='lat' dir='ltr'><strong>&#39;Iheooriiei</strong></span> <span class='ocrx_word' id='word_1_217' title='bbox 797 4018 890 4099; x_wconf 69' lang='lat' dir='ltr'><strong>idyllii</strong></span> <span class='ocrx_word' id='word_1_218' title='bbox 918 4021 998 4080; x_wconf 90' lang='lat' dir='ltr'><strong>tertii</strong></span> <span class='ocrx_word' id='word_1_219' title='bbox 1024 4021 1109 4082; x_wconf 85' lang='lat' dir='ltr'><strong>Initio</strong></span> <span class='ocrx_word' id='word_1_220' title='bbox 1138 4020 1290 4102; x_wconf 90' lang='lat' dir='ltr'><strong>desumpta</strong></span> 
     </span>
     <span class='ocr_line' id='line_1_26' title="bbox 148 4113 1288 4204; baseline 0.004 -23"><span class='ocrx_word' id='word_1_221' title='bbox 148 4129 176 4182; x_wconf 90' lang='lat' dir='ltr'><strong>et</strong></span> <span class='ocrx_word' id='word_1_222' title='bbox 199 4113 383 4199; x_wconf 58' lang='lat' dir='ltr'><strong>‘leuandam</strong></span> <span class='ocrx_word' id='word_1_223' title='bbox 409 4125 588 4186; x_wconf 85' lang='lat' dir='ltr'><strong>oGulatea&#39;</strong></span> <span class='ocrx_word' id='word_1_224' title='bbox 612 4124 648 4187; x_wconf 90' lang='lat' dir='ltr'><strong>ad</strong></span> <span class='ocrx_word' id='word_1_225' title='bbox 670 4122 822 4185; x_wconf 89' lang='lat' dir='ltr'><strong>undecimi</strong></span> <span class='ocrx_word' id='word_1_226' title='bbox 845 4121 1014 4184; x_wconf 85' lang='lat' dir='ltr'><strong>Theocritei</strong></span> <span class='ocrx_word' id='word_1_227' title='bbox 1036 4139 1139 4184; x_wconf 84' lang='lat' dir='ltr'><strong>versus</strong></span> <span class='ocrx_word' id='word_1_228' title='bbox 1160 4120 1203 4185; x_wconf 79' lang='lat'><strong>45</strong></span> <span class='ocrx_word' id='word_1_229' title='bbox 1225 4143 1288 4204; x_wconf 91' lang='lat' dir='ltr'><strong>sqq.</strong></span> 
     </span>
     <span class='ocr_line' id='line_1_27' title="bbox 150 4221 1289 4308; baseline 0.003 -25"><span class='ocrx_word' id='word_1_230' title='bbox 150 4231 177 4283; x_wconf 90' lang='lat' dir='ltr'><strong>ot</strong></span> <span class='ocrx_word' id='word_1_231' title='bbox 199 4221 240 4286; x_wconf 88' lang='lat'><strong>63</strong></span> <span class='ocrx_word' id='word_1_232' title='bbox 264 4225 433 4306; x_wconf 86' lang='lat' dir='ltr'><strong>exemplum</strong></span> <span class='ocrx_word' id='word_1_233' title='bbox 457 4245 604 4307; x_wconf 84' lang='lat' dir='ltr'><strong>expressa,</strong></span> <span class='ocrx_word' id='word_1_234' title='bbox 634 4233 750 4308; x_wconf 90' lang='lat' dir='ltr'><strong>quanto</strong></span> <span class='ocrx_word' id='word_1_235' title='bbox 766 4233 836 4287; x_wconf 88' lang='lat' dir='ltr'><strong>ante</strong></span> <span class='ocrx_word' id='word_1_236' title='bbox 858 4225 936 4286; x_wconf 93' lang='lat' dir='ltr'><strong>hanc</strong></span> <span class='ocrx_word' id='word_1_237' title='bbox 963 4227 1058 4306; x_wconf 92' lang='lat' dir='ltr'><strong>ipsam</strong></span> <span class='ocrx_word' id='word_1_238' title='bbox 1089 4225 1236 4306; x_wconf 86' lang='lat' dir='ltr'><strong>eclogam,</strong></span> <span class='ocrx_word' id='word_1_239' title='bbox 1265 4228 1289 4287; x_wconf 90' lang='lat' dir='ltr'><strong>si</strong></span> 
     </span>
     <span class='ocr_line' id='line_1_28' title="bbox 149 4325 1288 4408; baseline 0.003 -23"><span class='ocrx_word' id='word_1_240' title='bbox 149 4325 267 4405; x_wconf 91' lang='lat' dir='ltr'><strong>quidem</strong></span> <span class='ocrx_word' id='word_1_241' title='bbox 290 4335 373 4400; x_wconf 89' lang='lat' dir='ltr'><strong>ante,</strong></span> <span class='ocrx_word' id='word_1_242' title='bbox 397 4335 462 4390; x_wconf 89' lang='lat' dir='ltr'><strong>orta</strong></span> <span class='ocrx_word' id='word_1_243' title='bbox 483 4329 543 4390; x_wconf 91' lang='lat' dir='ltr'><strong>sint</strong></span> <span class='ocrx_word' id='word_1_244' title='bbox 565 4329 682 4391; x_wconf 84' lang='lat' dir='ltr'><strong>definiri</strong></span> <span class='ocrx_word' id='word_1_245' title='bbox 704 4330 826 4390; x_wconf 92' lang='lat' dir='ltr'><strong>omnino</strong></span> <span class='ocrx_word' id='word_1_246' title='bbox 848 4329 959 4408; x_wconf 92' lang='lat' dir='ltr'><strong>nequit.</strong></span> <span class='ocrx_word' id='word_1_247' title='bbox 1004 4328 1048 4390; x_wconf 91' lang='lat' dir='ltr'><strong>Ne</strong></span> <span class='ocrx_word' id='word_1_248' title='bbox 1069 4327 1142 4388; x_wconf 90' lang='lat' dir='ltr'><strong>illud</strong></span> <span class='ocrx_word' id='word_1_249' title='bbox 1169 4327 1288 4406; x_wconf 88' lang='lat' dir='ltr'><strong>quidem</strong></span> 
     </span>
     <span class='ocr_line' id='line_1_29' title="bbox 147 4419 1289 4512; baseline 0.002 -24"><span class='ocrx_word' id='word_1_250' title='bbox 147 4428 298 4506; x_wconf 62' lang='lat' dir='ltr'><strong>‘Baptand</strong></span> <span class='ocrx_word' id='word_1_251' title='bbox 331 4434 407 4507; x_wconf 78' lang='lat' dir='ltr'><strong>quid</strong></span> <span class='ocrx_word' id='word_1_252' title='bbox 434 4435 586 4508; x_wconf 74' lang='lat' dir='ltr'><strong>antiquos’</strong></span> <span class='ocrx_word' id='word_1_253' title='bbox 619 4431 683 4510; x_wconf 85' lang='lat' dir='ltr'><strong>(ccl.</strong></span> <span class='ocrx_word' id='word_1_254' title='bbox 713 4429 752 4492; x_wconf 90' lang='lat' dir='ltr'><strong>IX</strong></span> <span class='ocrx_word' id='word_1_255' title='bbox 778 4427 819 4492; x_wconf 79' lang='lat'><strong>47</strong></span> <span class='ocrx_word' id='word_1_256' title='bbox 848 4431 921 4511; x_wconf 86' lang='lat' dir='ltr'><strong>sqq.)</strong></span> <span class='ocrx_word' id='word_1_257' title='bbox 952 4438 1060 4512; x_wconf 91' lang='lat' dir='ltr'><strong>quanto</strong></span> <span class='ocrx_word' id='word_1_258' title='bbox 1092 4419 1176 4507; x_wconf 77' lang='lat' dir='ltr'><strong>pust</strong></span> <span class='ocrx_word' id='word_1_259' title='bbox 1205 4429 1289 4490; x_wconf 92' lang='lat' dir='ltr'><strong>ludos</strong></span> 
     </span>
    </p>
   </div>
   <div class='ocr_carea' id='block_1_6' title="bbox 142 4526 1289 4698">
    <p class='ocr_par' dir='ltr' id='par_1_7' title="bbox 142 4526 1289 4698">
     <span class='ocr_line' id='line_1_30' title="bbox 142 4526 1289 4613; baseline 0 -23"><span class='ocrx_word' id='word_1_260' title='bbox 142 4526 286 4593; x_wconf 78' lang='lat' dir='ltr'><strong>funebres</strong></span> <span class='ocrx_word' id='word_1_261' title='bbox 309 4534 338 4592; x_wconf 94' lang='lat' dir='ltr'><strong>in</strong></span> <span class='ocrx_word' id='word_1_262' title='bbox 362 4533 426 4594; x_wconf 91' lang='lat' dir='ltr'><strong>Iulii</strong></span> <span class='ocrx_word' id='word_1_263' title='bbox 450 4535 584 4596; x_wconf 80' lang='lat' dir='ltr'><strong>Caesaris</strong></span> <span class='ocrx_word' id='word_1_264' title='bbox 606 4535 751 4595; x_wconf 86' lang='lat' dir='ltr'><strong>honorem</strong></span> <span class='ocrx_word' id='word_1_265' title='bbox 775 4534 848 4594; x_wconf 68' lang='lat' dir='ltr'><strong>‘non</strong></span> <span class='ocrx_word' id='word_1_266' title='bbox 871 4533 964 4594; x_wconf 81' lang='lat' dir='ltr'><strong>inulto</strong></span> <span class='ocrx_word' id='word_1_267' title='bbox 986 4541 1051 4613; x_wconf 90' lang='lat' dir='ltr'><strong>post</strong></span> <span class='ocrx_word' id='word_1_268' title='bbox 1076 4532 1200 4592; x_wconf 88' lang='lat' dir='ltr'><strong>obitum&#39;</strong></span> <span class='ocrx_word' id='word_1_269' title='bbox 1225 4533 1289 4592; x_wconf 89' lang='lat' dir='ltr'><strong>eius</strong></span> 
     </span>
     <span class='ocr_line' id='line_1_31' title="bbox 194 4634 1081 4698; baseline 0.002 -15"><span class='ocrx_word' id='word_1_270' title='bbox 194 4649 327 4698; x_wconf 80' lang='lat' dir='ltr'><strong>arnnncx,</strong></span> <span class='ocrx_word' id='word_1_271' title='bbox 347 4650 508 4688; x_wconf 76' lang='lat' dir='ltr'><strong>anonnoon.</strong></span> <span class='ocrx_word' id='word_1_272' title='bbox 1066 4634 1081 4692; x_wconf 87' lang='grc'><strong>1</strong></span> 
     </span>
    </p>
   </div>
   <div class='ocr_carea' id='block_1_7' title="bbox 0 0 1610 5042">
    <p class='ocr_par' dir='ltr' id='par_1_8' title="bbox 0 0 1610 5042">
     <span class='ocr_line' id='line_1_32' title="bbox 0 0 1610 5042; baseline 0 0"><span class='ocrx_word' id='word_1_273' title='bbox 0 0 1610 5042; x_wconf 95' lang='lat' dir='ltr'><strong> </strong></span> 
     </span>
    </p>
   </div>
  </div>
 </body>
</html>
