3276 5050
293 360 354 428 140
736 380 979 426 enonueouuue.
1049 343 1057 361 ⁸

291 554 394 633 Iapyx,
423 551 460 614 ab
488 550 591 612 inieris
613 549 746 612 Virbium
774 551 936 622 revocavit,
966 550 1082 612 Probus
1104 551 1325 624 Phoebigenam
1351 549 1430 618 lecit,

291 656 412 716 unicum
435 655 589 732 vestigium
613 651 744 714 eiusdem
767 652 936 714 Menteliani
958 655 1103 732 scriptura
1125 655 1346 727 pboenignccm
1369 669 1431 710 ser-

291 759 368 827 vari,
396 773 465 818 cum
487 757 581 816 ceteri
603 773 707 816 omnes
729 753 765 814 ad
787 757 992 830 Poentoenam
1021 754 1067 815 vel
1094 752 1199 815 similia
1227 753 1340 833 delapsi
1363 754 1431 814 sint.

292 858 351 920 Sed
373 859 430 919 hoc
451 857 501 919 ille
524 875 594 917 num
616 858 647 917 in
675 875 729 917 suo
756 856 834 917 libro
862 855 968 936 legerit
996 877 1033 918 au
1061 859 1232 917 coniectura
1264 855 1433 918 felicissima

292 960 450 1022 adsecutus
471 961 509 1020 sit
530 960 687 1020 nescimus.
1165 1025 1169 1036 ,

376 1061 527 1123 Traditam
563 1062 737 1121 memoriam
765 1060 880 1123 duobus
911 1063 999 1124 etiam
1029 1061 1170 1142 exemplis
1199 1060 1314 1122 videtur
1342 1063 1434 1122 tullus

293 1184 374 1235 esse,
404 1166 445 1226 ita
478 1163 599 1244 quidem
627 1169 660 1224 ut
687 1162 775 1242 paulo
808 1165 1023 1226 reconditiores
1056 1165 1224 1226 locutiones
1257 1165 1436 1244 comparatis

291 1266 437 1328 similibus
466 1265 539 1326 locis
566 1265 742 1328 illustraret„
795 1266 868 1328 Nam
902 1274 931 1328 et
958 1267 1030 1327 Aen.
1058 1267 1084 1327 X
1112 1261 1174 1328 303
1207 1269 1281 1328 ouda·
1311 1267 1437 1340 dormi)

292 1368 398 1430 collato
426 1386 471 1446 ge.
502 1364 626 1428 111436
656 1355 762 1428 ‘dorso
791 1371 938 1431 nemoris’
968 1377 997 1432 ot
1023 1371 1095 1431 Aen.
1127 1369 1140 1430 l
1167 1365 1229 1430 441
1258 1371 1437 1432 laetissimus

291 1457 415 1532 umbrae
442 1475 621 1532 structuram
651 1468 781 1530 Sallustii
810 1471 877 1532 hist.
908 1471 934 1532 ll
963 1470 1003 1533 91
1028 1473 1060 1533 D.
1089 1469 1266 1534 'auctoritate
1286 1469 1435 1537 defendit,

292 1590 420 1652 cumque
456 1572 535 1632 idem
573 1570 740 1650 exemplum
775 1571 812 1632 ad
848 1573 888 1634 Xl
917 1571 979 1636 338
1015 1573 1115 1635 laudet
1145 1573 1264 1634 Servius
1295 1569 1433 1639 Danielis,
1493 1581 1496 1587 '

251 1667 253 1674 '
291 1675 417 1736 sortasse
450 1673 498 1734 hic
531 1692 650 1754 quoque
682 1673 798 1736 Probus
830 1677 894 1756 ipse
927 1676 1078 1756 duplicem
1110 1677 1280 1754 genetivum
1317 1672 1436 1750 ‘largus
1530 1753 1533 1759 A

292 1795 383 1856 opum
406 1785 435 1838 et
456 1779 580 1852 linquae
594 1776 716 1838 melior’
740 1775 863 1855 legerat.
899 1779 945 1840 ·Et
967 1785 1080 1840 restant
1102 1778 1208 1840 harum
1231 1775 1351 1856 quidem
1374 1764 1435 1834 lec?

292 1880 406 1950 tionum
430 1880 517 1940 etiam
540 1881 569 1940 in
595 1880 705 1940 nostris
727 1877 813 1941 libris
839 1879 962 1942 indicia:
994 1882 1081 1943 lell
1110 1882 1188 1941 enim
1216 1881 1317 1959 priore
1346 1895 1436 1938 manu

292 1981 323 2040 in
345 1983 374 2042 P
392 1987 545 2042 exaratum
568 1990 645 2052 erat,
677 1983 876 2061 suprascripta
905 1982 1067 2044 demumS
1097 1989 1267 2044 ceterorum
1300 1979 1436 2041 codicum

292 2082 398 2144 vauls
422 2083 573 2152 effectum:
598 2085 670 2144 item
685 2083 839 2145 UMBRAE
861 2103 951 2146 mauu
973 2087 1073 2164 priore
1095 2087 1126 2144 in
1149 2087 1184 2154 F,
1209 2083 1260 2144 ubi
1285 2100 1368 2144 erasa
1391 2080 1435 2141 ul·

291 2187 363 2246 tima
390 2183 489 2246 littera
518 2185 597 2263 quod
625 2185 712 2262 vulgo
742 2186 870 2250 traditur
893 2187 1023 2248 UMBRA
1051 2186 1186 2248 relictum
1218 2193 1277 2254 est3
1308 2184 1436 2262 denique
1521 2215 1525 2226 =

291 2285 454 2348 LINGVAE
476 2289 547 2348 item
568 2289 669 2366 priore
693 2305 784 2348 manu
805 2290 837 2348 in
859 2290 888 2348 P
907 2294 994 2357 extat,
1026 2287 1105 2366 quod
1127 2288 1262 2366 perfossa
1285 2287 1308 2346 E
1338 2285 1436 2346 littera

292 2395 445 2450 corrector
467 2389 497 2450 in
513 2389 666 2459 LINGVA,
691 2389 768 2466 quod
792 2391 822 2452 in
845 2389 969 2468 reliquis
992 2391 1049 2460 est,
1073 2375 1204 2451 mutav‘it.

363 2491 498 2552 Tertium
510 2490 556 2550 vel
568 2497 706 2570 quartum
718 2491 886 2572 exemplum
901 2499 1034 2553 servatae
1046 2492 1158 2570 antiqui
1169 2490 1238 2551 libri
1248 2490 1316 2551 fidei
1328 2488 1434 2559 habeo,

292 2593 371 2672 quod
383 2593 455 2653 Aen.
468 2591 508 2652 XI
520 2589 583 2654 830
595 2592 711 2653 Probus
723 2611 811 2654 ormo
830 2596 1007 2670 relinquunt
1018 2593 1169 2673 probavit,
1190 2593 1267 2671 quod
1281 2611 1368 2653 nemo
1382 2593 1439 2652 erit

292 2696 341 2774 qni
364 2695 535 2756 coniectura
561 2712 597 2754 ex
619 2693 767 2756 facillimis
792 2694 943 2757 intellectu
972 2696 1018 2757 vel
1044 2699 1218 2773 relinquens
1244 2695 1289 2756 vel
1315 2698 1437 2771 reliquit

291 2797 447 2875 scripturis
469 2795 579 2856 iactum
601 2795 769 2857 contendat.
802 2797 874 2860 Cum
891 2805 989 2860 autem
1004 2799 1111 2860 harum
1126 2798 1293 2860 litterarum
1309 2817 1384 2878 quae
1406 2799 1436 2858 iu

239 2925 241 2930 ,
547 2895 565 2930 N

293 2951 321 3010 P
340 2955 442 3010 extant
464 2947 676 3020 RELlQVENS
699 2949 801 3012 ultima
823 2953 863 3012 in·
877 2951 974 3014 litura·
988 2971 1053 3014 esse
1076 2952 1148 3012 mihi
1171 2953 1230 3012 visa
1253 2953 1304 3020 sit,
1334 2951 1434 3010 neseio

293 3071 330 3112 an
352 3051 400 3112 hic
423 3067 542 3130 quoque
564 3033 663 3112 tenue'
677 3052 780 3113 saltem
810 3073 899 3115 verae
928 3057 1090 3116 memoriae
1120 3054 1261 3114 indicium
1285 3051 1435 3112 Palatinus

296 3152 447 3234 praebeat.
491 3154 586 3234 Atque
600 3154 631 3214 in
647 3153 750 3214 eodem
774 3155 850 3216 libro
874 3157 962 3217 etiam
978 3155 1053 3218 alius
1069 3158 1205 3234 egregiae
1222 3153 1437 3216 emendationis

293 3257 460 3332 insignibus
482 3256 567 3326 albis,
593 3273 668 3334 quae
691 3257 875 3319 sacerdotem
897 3261 968 3320 Aen.
992 3259 1016 3319 X
1040 3254 1103 3320 539
1126 3257 1233 3317 decere
1257 3258 1350 3316 sensit
1365 3256 1437 3316 Pro·

295 3357 361 3429 bus,
384 3359 448 3437 ipsa
472 3359 594 3436 vestigia
615 3357 710 3419 latere
732 3361 860 3428 conieci,
891 3379 958 3420 cum
981 3378 1071 3446 manu
1093 3359 1185 3419 altera
1209 3358 1327 3419 demum
1358 3364 1436 3418 cete-

293 3478 397 3520 rorum
419 3458 555 3520 codicum
577 3458 692 3520 lituis
720 3461 751 3519 in
774 3462 802 3520 P
828 3479 946 3540 quoque
975 3461 1100 3522 inlatum
1130 3461 1182 3528 sit,
1212 3459 1281 3520 olim
1310 3478 1379 3519 vero
1406 3460 1437 3518 in

294 3561 362 3622 RMl
383 3559 550 3622 litterarum
572 3559 637 3620 loco
657 3560 730 3621 aliae
757 3571 820 3622 tres
841 3563 962 3624 luerint.
1015 3564 1088 3623 Item
1112 3561 1203 3622 Probi
1232 3562 1437 3622 auctoritatem

294 3663 377 3741 prior
398 3661 523 3722 Palatini
545 3681 651 3722 manus
673 3663 766 3722 refert
787 3663 859 3723 den.
884 3663 947 3724 Vlll
969 3660 1048 3734 406,
1079 3664 1128 3724 ubi
1157 3663 1265 3741 legitur
1288 3663 1365 3741 quod
1388 3661 1437 3722 ille

293 3763 437 3843 ‘propter
460 3782 582 3825 sensum
599 3756 837 3844 scocxe'ugooccoo’
867 3765 981 3826 scilicet
1011 3784 1100 3827 ausus
1123 3774 1167 3825 est
1196 3763 1349 3837 ‘infusum
1371 3782 1438 3842 gre·

362 4014 391 4082 *J
410 4018 471 4068 Non
488 4021 648 4083 putaveram
667 4018 701 4068 do
717 4019 772 4070 hae
784 4019 868 4071 Probi
885 4020 1022 4084 scriptura
1035 4019 1222 4070 dubitaturum
1241 4033 1301 4068 esse
1315 4018 1346 4071 E.
1358 4018 1438 4069 Hoff-

294 4117 422 4172 mannum
440 4102 468 4151 in
487 4103 592 4168 ephem.
616 4119 707 4170 gymn
726 4105 817 4158 Austr.
846 4105 912 4154 1865
932 4120 958 4168 p.
970 4097 1040 4167 '494‚
1070 4105 1114 4154 cui
1132 4103 1160 4152 id
1183 4105 1289 4153 tantum
1312 4103 1437 4153 docuisse

294 4188 422 4251 Berytius
435 4189 630 4252 grammaticus
648 4189 769 4248 videtur,
788 4191 859 4238 vodis
878 4192 906 4238 et
928 4189 1005 4240 dorso
1023 4191 1108 4256 iniquo
1126 4204 1209 4238 unum
1226 4188 1353 4251 idemque
1377 4203 1437 4238 esse

294 4272 376 4337 idque
393 4273 483 4338 ipsum
501 4274 651 4340 georgicon
670 4273 794 4338 exemplo
813 4273 932 4338 probari.
969 4273 1049 4336 Quod
1067 4274 1191 4324 refutare
1210 4274 1283 4323 serio
1301 4288 1357 4322 non
1374 4288 1438 4338 pos·
1464 4325 1476 4342 .

296 4373 363 4411 sum.
399 4357 510 4408 Sufficit
527 4359 645 4410 Gustavi
662 4358 789 4408 Thilonis
807 4359 1010 4421 testimonium,
1039 4359 1086 4423 qui
1108 4359 1137 4408 in
1154 4359 1283 4408 Parisino
1302 4360 1381 4420 7929,
1408 4359 1437 4406 in

296 4459 350 4510 quo
368 4443 427 4496 solo
444 4444 515 4494 haec
534 4444 617 4496 Probi
635 4443 743 4494 notatio
762 4447 848 4508 extat,
867 4442 923 4509 legi
940 4453 1036 4494 narret
1052 4446 1120 4507 vadi,
1139 4459 1194 4496 non
1210 4445 1291 4496 eodm.
