3230 5046
599 448 845 490 raouaaounurt.
1235 427 1294 492 lit

234 617 272 676 Et
285 633 422 694 ,prorsus
451 615 577 692 quadrat
604 614 641 674 ad
671 617 734 676 eius
762 617 968 676 auctoritatem
1002 616 1081 693 quod
1110 633 1155 692 ge.
1179 613 1295 677 111188

152 713 241 778 ambo
265 719 365 776 ‘iuxta
389 715 523 776 ebrium’
546 717 639 778 luisse
661 715 791 783 dicitur..
807 736 872 776 cum
889 716 1046 778 Heleuium
1060 719 1206 779 doronem
1228 718 1298 778 huic

150 820 208 898 ipsi
233 819 347 877 formae
370 817 558 877 adversatum
580 819 673 878 luisse
696 837 784 897 supra
815 826 1010 886 memoratum
1039 821 1086 879 sit.
1137 819 1199 880 Nec
1225 818 1296 878 illud
1382 827 1386 832 '

150 939 212 980 non
234 918 405 998 probabile,
436 919 574 979 Verrium
598 918 734 979 Flaccum
758 919 878 996 Vergilii
908 923 1041 980 carmina
1063 923 1094 980 in
1117 940 1171 982 suo
1193 921 1297 982 saltem

152 1020 315 1100 exemplari
339 1028 458 1081 etcum
481 1018 602 1080 doceret
623 1023 654 1081 in
676 1019 777 1081 schola
799 1021 930 1081 Palatina
955 1021 1086 1099 (Sueton.
1111 1022 1148 1081 de
1171 1039 1296 1099 gramm.

153 1121 203 1202 17)
228 1122 432 1182 emendarissc
456 1111 737 1200 emendationesque
760 1125 824 1183 eius
845 1123 889 1183 vel
910 1125 1104 1202 transcriptas
1120 1123 1165 1183 vol
1181 1143 1195 1182 a
1213 1124 1299 1184 disci·
1345 1103 1348 1110 k

150 1224 230 1304 pulis
247 1224 358 1285 calamo
375 1230 513 1302 exceptas
529 1225 560 1283 in
576 1223 649 1284 alios
665 1225 783 1286 codices
800 1234 829 1284 et
844 1227 877 1284 in
892 1227 1120 1286 commentarios
1136 1227 1298 1287 transiisse.

151 1327 215 1387 Nec
238 1325 344 1386 desunt
366 1327 397 1385 iu
420 1327 529 1386 nostris
553 1327 639 1385 etiam
656 1325 777 1386 scholiis
794 1326 937 1404 exempla,
963 1326 1072 1404 quibus
1086 1329 1178 1406 ipsius
1193 1336 1299 1405 poetae

152 1429 248 1488 nostri
270 1426 351 1487 locos
373 1427 517 1506 quosdam
541 1427 577 1487 ab
600 1427 652 1487 illo
674 1427 838 1488 illustratos
861 1447 927 1488 esse
949 1427 1094 1506 probetur
1118 1428 1152 1508 (e.
1170 1447 1199 1506 g.
1216 1429 1298 1488 Serv.

152 1531 226 1590 Aen.
243 1525 359 1609 x1J143
383 1527 436 1589 ecl.
454 1527 504 1588 Vll
519 1525 581 1605 53).
611 1528 669 1590 Sed
686 1528 759 1589 baec
782 1530 879 1590 omnia
902 1546 989 1606 quam
1011 1531 1125 1590 incerta
1148 1533 1208 1590 sint
1221 1528 1299 1590 haud

154 1629 308 1690 dissimulo
331 1649 387 1690 nec
410 1629 597 1700 contradico,
627 1619 652 1692 si
680 1632 747 1710 quis
770 1633 903 1692 Hebrum
932 1631 976 1691 vel
999 1633 1143 1693 Hebrium
1165 1633 1299 1710 ignotum

153 1733 306 1791 hominem
328 1733 407 1791 inter
430 1731 550 1809 Vergilii
574 1733 705 1793 editores
727 1733 842 1793 reterre
865 1735 956 1792 tutius
979 1733 1105 1794 duxerit.

679 1986 703 2066 o
728 1985 777 2048 14.

241 2157 456 2230 Haterianum,
485 2173 574 2233 quiem
597 2157 708 2217 Iullum
736 2156 820 2216 illum
842 2158 948 2225 luisse,
978 2157 1061 2216 cuius
1091 2157 1127 2216 de
1150 2159 1302 2218 Victorino

156 2239 338 2338 imperatore
361 2259 502 2318 iudicium
530 2260 560 2317 in
589 2259 708 2336 triginta
737 2267 931 2338 tyrannorum
959 2259 1084 2319 historia
1112 2278 1176 2338 cap.
1199 2255 1219 2319 5
1242 2259 1302 2318 lau·

157 2363 255 2430 datur,
280 2361 516 2420 Graeienhanius
538 2359 590 2419 llll
613 2357 676 2420 304
699 2362 840 2430 coniecit,
865 2380 924 2420 non
948 2361 1167 2421 Veronensibus
1189 2368 1302 2421 tantum

133 2462 297 2530 scholiis,
333 2461 386 2521 sed
408 2461 552 2521 Macrobii
584 2479 702 2540 quoque
735 2465 879 2524 memoria
912 2464 1046 2522 norimus
1078 2465 1303 2540 grammaticum

158 2564 239 2625 baud
256 2563 515 2632 contemnendum,
538 2566 588 2640 qui
605 2564 751 2624 Aeneidos
771 2573 885 2625 textum
902 2574 930 2624 et
947 2564 1112 2625 emendavit
1128 2573 1157 2624 et
1172 2565 1305 2624 distinxit

160 2672 190 2725 et
211 2647 377 2725 illustravit.
434 2669 474 2724 Ac
503 2667 633 2756 primum
662 2666 869 2743 dignissimum
892 2669 968 2727 scitu
992 2674 1051 2735 est,
1083 2665 1164 2746 quod
1183 2665 1305 2726 AenX

158 2763 222 2846 243
247 2765 373 2826 eandem
393 2767 571 2844 scripturam
595 2771 660 2842 tpnc'
680 2771 823 2828 inuictum
846 2769 1022 2844 Ipotpotens
1043 2767 1180 2844 probavit
1202 2773 1231 2826 et
1253 2785 1303 2826 ex-

159 2868 297 2948 planavit,
331 2869 458 2944 quaein
482 2867 702 2930 Veronensibus
726 2869 843 2929 schedis
867 2877 960 2938 extat,
990 2868 1068 2929 unde
1090 2871 1223 2928 nascitur
1255 2887 1304 2928 su-

160 2971 269 3048 spicio,
300 2971 387 3028 etiam
411 2968 505 3047 plura,
530 2987 605 3046 qcrae
627 2971 789 3048 peculiaria
811 2972 899 3030 buius
922 2970 1033 3030 codicis
1055 2971 1130 3046 sint⁷
1160 2969 1195 3028 ad
1216 2969 1304 3029 Hate-

162 3073 237 3132 riani
260 3071 463 3131 auctoritatem
487 3071 596 3131 redire.

247 3173 289 3232 De
311 3173 500 3232 distinctione
528 3175 674 3252 quaesivit
705 3173 741 3232 ad
764 3175 835 3234 Aen.
859 3173 897 3232 lX
920 3169 981 3232 397
1012 3173 1144 3249 (‘lraude
1171 3173 1245 3241 loci,
1277 3181 1306 3232 et

162 3275 260 3335 noctis
282 3273 379 3334 subito
403 3274 540 3334 turbante
562 3275 710 3336 tumultu'
739 3293 775 3335 au
800 3275 920 3336 ‘fraude
943 3273 1001 3332 loci
1024 3282 1053 3332 et
1075 3275 1184 3342 noctis,
1208 3272 1305 3332 subito

162 3383 183 3435 t.
210 3379 248 3434 t.'
271 3393 296 3434 v.
321 3374 415 3435 schol.
432 3373 561 3454 Veron),
586 3395 662 3455 quae
678 3377 798 3436 Servius
822 3376 976 3436 contraxit.
1008 3375 1093 3445 Hunc
1117 3376 1194 3434 enim
1218 3392 1306 3434 usum

163 3476 330 3537 esseillius
358 3479 572 3538 commentario
600 3471 688 3538 etiam
718 3477 782 3538 aliis
813 3477 884 3536 locis
912 3477 1146 3536 demonstratur:
1180 3495 1247 3536 nam
1277 3483 1307 3535 et

163 3581 236 3640 Aen.
261 3575 371 3640 11558
395 3579 479 3654 ‘sine
502 3581 622 3640 nomine
645 3583 769 3658 corpus'
793 3579 897 3640 eodem
920 3587 952 3638 ut
973 3577 1022 3638 ille
1045 3577 1133 3638 modo
1150 3587 1182 3638 ut
1198 3596 1306 3638 nomen

163 3702 218 3762 pro
241 3682 316 3741 lacie
340 3681 451 3740 dictum
467 3683 646 3757 statueret*)
670 3681 824 3760 explicavit
846 3689 874 3741 et
897 3681 933 3740 ad
956 3681 1089 3741 ciusdem
1111 3680 1177 3740 libri
1202 3701 1226 3740 v.
1244 3677 1306 3740 632

163 3785 386 3846 adnotationem
409 3782 610 3843 doctissimam
632 3783 762 3842 indidem
784 3783 972 3862 compilatam
995 3801 1062 3843 esse
1084 3801 1208 3860 prorsus
1232 3785 1306 3840 veri-

162 3884 261 3946 simile
284 3887 316 3944 lit
339 3884 419 3946 Calvi
442 3884 588 3962 exemplo,
613 3884 689 3960 quod
713 3903 751 3944 ne
774 3885 851 3962 apud
868 3885 1002 3944 Servium
1019 3883 1138 3962 quidem
1155 3883 1307 3962 deestwlt

230 4153 255 4216 V)
275 4154 317 4209 uf.
338 4155 423 4208 schol.
437 4157 537 4209 Veron.
557 4155 592 4205 ed
611 4156 677 4210 Aen.
697 4155 750 4207 VII
767 4156 817 4207 337
837 4171 895 4204 cum
909 4156 1013 4210 Servio.
1049 4155 1130 4208 Nonii
1148 4169 1255 4219 quoque
1273 4154 1307 4205 de

160 4241 260 4291 eromlne
278 4239 377 4289 titulus
395 4257 421 4306 p.
441 4242 498 4303 354,
520 4242 551 4290 15
571 4257 604 4291 ex
629 4241 722 4306 aliquo
747 4242 944 4291 commentario
962 4242 1125 4306 Vergiliano
1149 4241 1307 4304 desumptus

159 4324 282 4375 videtur:
302 4339 366 4373 nam
385 4323 480 4374 eadem
500 4341 570 4389 quae
590 4325 651 4375 illic
671 4326 797 4390 exempla
809 4326 877 4379 Aen.
891 4327 1004 4376 vnaar
1022 4327 1113 4376 11558
1132 4315 1305 4384 adferuntur,

213 4406 257 4472 *²l)
277 4407 435 4458 Macrobius
454 4409 511 4460 Sat.
530 4411 615 4474 1118,
634 4413 649 4458 2
673 4411 880 4460 ‘nonnullorum
898 4425 968 4474 quae
993 4410 1176 4460 scientissime
1199 4409 1308 4473 prolata

160 4497 226 4543 sunt
245 4491 317 4541 male
336 4493 505 4544 enuntiando
525 4495 721 4560 corrumpimus
740 4495 912 4560 dignitatem,
931 4499 962 4543 ut
981 4494 1092 4559 quidam
1111 4494 1207 4557 legunt
1226 4490 1305 4555 (Aen.

212 4593 348 4640 nrunucx,
368 4593 526 4632 ruonuoou.
1063 4575 1105 4640 12
