3276 5050
315 396 377 464 144
761 424 1004 468 rnonnoonnrm.

315 589 433 652 ‘Turno
465 595 548 668 repis
580 611 723 672 responsa
750 592 918 663 ferebant',
952 594 1077 670 eiusque
1106 591 1172 654 loco
1205 594 1343 672 posuisse
1378 593 1456 673 quod

313 690 402 752 hodie
423 693 453 754 iu
477 694 616 755 omnibus
632 692 850 774 exemplaribus
864 713 955 756 manu
971 696 1089 774 scriptis
1105 696 1315 757 circumfertur
1337 695 1456 756 ‘Turno

313 797 397 870 repi'
422 813 448 854 e.
473 812 500 873 q.
525 815 549 856 s.

398 895 522 958 ‘Suisus
543 901 662 968 sudor’,
675 899 737 978 ·qni
752 897 873 960 Palladii
895 899 972 978 rapti
992 917 1048 978 per
1070 905 1152 960 artus
1167 899 1197 959 in
1214 900 1319 960 castris
1334 899 1457 960 Graecis

315 995 434 1058 duxisse
456 999 552 1061 lertur
566 1002 638 1061 Aen.
655 999 682 1060 ll
700 997 768 1070 173,
793 1017 852 1060 non
876 999 1074 1079 displicuisset
1096 1001 1220 1061 tortasse
1243 1001 1347 1061 critico
1364 999 1455 1080 (Serv.

315 1105 345 1158 et
367 1099 460 1162 schol.
483 1099 620 1180 Veron),
654 1103 680 1162 si
702 1102 886 1162 meminisset
912 1101 1053 1162 Sinonem
1077 1102 1337 1163 mendacissimum
1360 1109 1390 1162 et
1411 1104 1455 1162 in·

314 1199 563 1279 pudentissimum
584 1203 737 1264 hominem
758 1202 827 1263 talia
849 1209 910 1263 tam
932 1203 1034 1282 putida
1055 1204 1179 1282 lingere.

400 1302 508 1366 Dubito
531 1323 602 1367 num
626 1305 662 1367 ad
683 1309 754 1366 Aen.
778 1300 914 1366 1¹!1359
936 1291 1125 1367 insolentiam
1147 1306 1278 1384 ligurae,
1302 1323 1360 1384 qua
1382 1307 1456 1367 buu-

314 1407 375 1466 riri
396 1423 450 1466 vox
480 1405 605 1483 dicitur,
638 1409 797 1468 notaverit:
831 1413 913 1467 certe
945 1409 995 1487 qui
1026 1409 1141 1488 primns
1169 1426 1259 1468 ausus
1292 1415 1336 1468 est
1366 1407 1456 1468 talem

315 1507 555 1579 translationem,
588 1508 761 1571 felicissime
789 1527 879 1570 ausus
907 1515 961 1569 est.
989 1585 991 1592 Ι
1019 1508 1077 1570 Sed
1104 1507 1220 1570 videtur
1251 1508 1456 1588 pleonasmum

315 1611 525 1686 grammaticus
548 1611 762 1681 observavisse,
788 1628 845 1688 quo
868 1612 995 1671 auribus
1015 1629 1070 1670 vox
1094 1609 1207 1671 hauriri
1230 1609 1349 1682 dicitur,
1373 1613 1457 1690 quasi

315 1710 345 1770 id
374 1709 431 1770 alio
461 1730 580 1792 quoque
609 1713 698 1774 modo
726 1713 791 1772 lieri
823 1712 973 1792 posset*).
1029 1712 1111 1772 ldem
1145 1713 1224 1772 enim
1246 1713 1367 1773 Servius
1391 1712 1462 1772 adl

315 1808 377 1873 208
393 1820 422 1872 et
436 1809 501 1874 614
522 1801 743 1884 animadvertit;
769 1832 825 1874 vrec
847 1815 950 1874 vitium
973 1832 1048 1884 esse,
1073 1814 1124 1875 sed
1147 1813 1352 1876 affirmationis
1367 1816 1461 1892 gratia

318 1932 535 1994 supervacuum
558 1916 626 1976 addi
649 1915 847 1988 Quintilianus
871 1912 979 1984 vl113,
996 1912 1039 1976 54
1061 1916 1148 1977 docet
1170 1917 1355 1996 similemque
1371 1915 1461 1977 Probi

318 2015 354 2076 de
371 2015 428 2076 hoc
443 2015 509 2078 loeo
526 2019 702 2080 sententiam
718 2019 809 2079 luisse
824 2019 1000 2098 putaverim,
1019 2020 1103 2079 cuius
1118 2017 1164 2078 vel
1178 2019 1209 2077 in
1222 2019 1328 2079 bonati
1343 2018 1379 2079 ad
1391 2019 1460 2079 Ter.

318 2117 383 2182 bec.
401 2117 441 2179 ΙΙΙ
456 2116 486 2189 3,
502 2116 522 2180 3
538 2119 730 2182 adnotatione
746 2119 818 2180 levis
834 2119 937 2180 umbra
953 2119 1052 2180 redire
1068 2119 1191 2180 videtur.
1223 2121 1281 2180 Sed
1296 2121 1415 2190 frustra,
1433 2120 1463 2179 ni

316 2218 411 2291 fallor,
439 2223 582 2298 quaesivit
604 2223 640 2282 de
657 2223 735 2283 vocis
751 2225 903 2298 pristinus
917 2241 971 2284 usu
988 2223 1116 2302 quodam
1131 2219 1285 2298 singulari,
1310 2240 1368 2300 quo
1382 2221 1460 2280 idem

318 2321 417 2383 valere
438 2341 473 2383 ac
489 2326 581 2400 prior
605 2327 677 2385 Aen.
706 2323 741 2383 Vl
767 2322 830 2385 473
852 2325 912 2384 visa
936 2324 1051 2404 est**):
1076 2341 1143 2384 nam
1167 2321 1272 2382 eodem
1294 2323 1360 2382 iure
1382 2322 1461 2382 idern

317 2423 354 2483 de
377 2427 496 2485 anticus
519 2424 656 2487 vocabuli
678 2412 798 2486 notione
821 2442 966 2504 quaerere
987 2432 1113 2504 poterat.
1158 2424 1196 2485 Ut
1218 2423 1297 2483 enim
1316 2421 1377 2482 illic
1393 2425 1461 2499 pri-

316 2529 412 2587 stinus
434 2528 478 2588 sic
499 2527 553 2588 llll
574 2523 638 2588 458
667 2529 786 2588 aulicus
807 2527 928 2587 bidonis
956 2528 1083 2587 coniunx
1107 2523 1258 2606 Sychaeus
1285 2523 1460 2604 appellatur,

270 2709 273 2714 Ι
319 2645 375 2688 nec
397 2630 519 2690 omnino
543 2631 650 2690 conida
674 2630 738 2690 eius
760 2629 874 2689 Aeneas
896 2646 1001 2688 revera
1023 2626 1191 2698 habendus,
1216 2628 1267 2704 qni
1289 2645 1350 2687 non
1373 2629 1461 2688 ‘con-

318 2731 396 2807 iugis
419 2711 558 2811 umquam
582 2729 750 2809 praetendit
771 2729 872 2790 taedas
902 2738 953 2790 aut
980 2729 1053 2790 baec
1075 2731 1107 2790 in
1136 2729 1256 2790 foedera
1278 2730 1384 2790 venit’'
1401 2729 1463 2808 (llll

320 2828 403 2912 338).
450 2819 524 2893 Item
547 2831 653 2901 levius,
683 2830 761 2912 quod
789 2833 933 2909 quaesivit
955 2832 1026 2912 quid
1049 2839 1129 2894 esset
1157 2835 1307 2906 iunpimus
1334 2834 1463 2909 bospitio

321 2935 450 2995 dextras
465 2936 536 2995 ben.
554 2934 594 2996 lll
617 2931 667 3004 83,
691 2933 838 3010 dubitans,
863 2941 1005 3014 quantum
1028 2953 1064 2995 ex
1080 2935 1182 2995 Servio
1205 2932 1337 3003 discitur,
1363 2941 1462 2996 utrum

319 3034 463 3097 ablativus
485 3055 522 3098 an
545 3036 661 3098 dativus
690 3045 769 3098 esset
798 3038 944 3115 bospitio,
974 3036 1027 3098 sed
1055 3043 1087 3097 ut
1114 3034 1194 3096 hunc
1221 3036 1347 3096 lortasse
1375 3053 1461 3114 prae·

319 3136 503 3215 serret***l.
1367 3127 1370 3132 ’

402 3240 455 3301 llis
477 3229 623 3303 accedunt
649 3240 705 3302 alia
735 3259 811 3321 quae
839 3260 899 3302 non
927 3248 987 3302 tam
1015 3240 1052 3302 ad
1074 3239 1202 3305 notanda
1230 3257 1319 3322 qnam
1348 3238 1383 3298 ad
1411 3257 1463 3298 ex-

319 3345 469 3419 plicanda
492 3343 581 3404 verba
605 3351 749 3424 spectant.
795 3343 935 3404 Defendit
958 3343 1035 3403 enim
1060 3341 1139 3419 qnod
1162 3339 1215 3401 ecl.
1233 3341 1270 3401 Vl
1293 3338 1333 3402 76
1354 3339 1463 3419 legitur

319 3463 447 3506 vexasse
467 3454 550 3507 rates
570 3454 604 3506 ut
625 3465 684 3508 non
700 3464 755 3524 per
770 3444 974 3506 ταπείνωσιν
989 3445 1042 3506 sed
1056 3445 1179 3534 propria
1194 3442 1277 3503 verbi
1293 3445 1320 3504 vi
1335 3441 1462 3504 dietum:

321 3547 456 3610 delendit
478 3557 586 3620 autem,
609 3551 668 3612 nisi
691 3549 764 3611 lallit
786 3550 971 3619 coniectura,
995 3556 1099 3610 eontra
1121 3549 1299 3619 Cornutum,
1323 3550 1374 3630 qui
1396 3569 1464 3670 ⁰¹0¹¹¹¹

319 3719 621 3732 -..-.--.

387 3807 413 3872 *)
431 3809 505 3873 Ergo
524 3805 703 3873 supplendum
716 3805 807 3857 Servii
824 3805 949 3856 scholion
968 3805 1022 3856 sic:
1041 3805 1099 3857 ‘his
1118 3805 1230 3856 auribus
1242 3803 1337 3869 hausi,
1358 3805 1463 3871 accepi.

324 3898 353 3942 et
372 3899 416 3944 est
433 3893 615 3959 pleonasmos.
655 3891 750 3942 haurit
774 3893 846 3942 enlm
870 3909 919 3957 pro
937 3891 1044 3958 percipi
1062 3892 1204 3957 ponebant
1215 3894 1338 3953 veteres;
1358 3895 1386 3939 et
1402 3891 1464 3941 ideo

322 3993 376 4043 quc
393 3979 566 4043 potissimum
595 3983 674 4044 parte
702 3992 799 4028 sensus
822 3979 981 4043 percipiant
1003 3978 1158 4043 adiungunt
1179 3982 1210 4026 nt
1226 3976 1280 4026 XII
1298 3977 1331 4027 26
1355 3982 1391 4046 ⁰1,
1406 3976 1464 4030 661,

320 4063 427 4114 Probus
446 4064 517 4114 enlm
537 4066 593 4114 ait:
623 4078 703 4114 nemo
726 4062 819 4114 haurit
842 4077 938 4114 vocem
961 4066 1010 4114 nisi
1031 4063 1159 4113 auribus’.
1194 4062 1227 4112 In
1251 4060 1349 4126 quibus
1373 4058 1466 4110 addidi

319 4148 372 4200 duo
391 4149 494 4200 ultime
512 4149 657 4200 vocabula.

371 4233 416 4296 **)
435 4235 562 4284 Serviunt
582 4236 722 4299 ‘pristinus
740 4236 825 4298 prior,
854 4232 925 4297 qnod
949 4231 1064 4282 difficile
1082 4232 1229 4284 invenitur.
1265 4247 1328 4281 nam
1355 4229 1388 4280 da
1413 4231 1466 4280 hoc

321 4335 446 4370 sermone
465 4319 574 4384 quaerit
593 4323 621 4369 et
638 4319 743 4368 Probus
762 4322 791 4368 et
808 4317 884 4367 alii.’

360 4389 422 4467 aas)
443 4403 570 4455 Servius:
590 4404 675 4454 ‘licet
687 4404 794 4454 Probus
812 4407 930 4466 quaerat
949 4402 1012 4468 qnid
1030 4404 1068 4454 sit
1085 4403 1206 4468 iunpimus
1223 4402 1333 4467 bospitio
1346 4404 1464 4468 deabus,

317 4493 414 4542 lemen
432 4489 566 4554 septimus
585 4503 666 4539 casus
686 4492 737 4553 est,
756 4490 774 4542 i.
795 4504 818 4543 e.
838 4489 896 4539 iure
915 4487 1136 4554 hospitalitatis.’
