3230 5046
317 391 380 458 206
767 414 1010 458 rnonnooueaa.

402 581 444 644 hd
468 583 579 644 lotum
602 582 785 658 Romanum,
819 584 870 660 qui
891 582 975 644 initio
997 581 1078 642 tertii
1100 601 1129 662 p.
1152 582 1221 645 Chr.
1250 582 1361 645 saeculi
1382 583 1464 654 vixit,

317 684 416 744 redire
439 683 558 744 videtur
580 683 658 762 quod
674 686 746 745 Aen.
770 680 867 746 1703
890 683 1207 764 ‘lonpam'penum’
1231 687 1373 764 scriptum
1398 703 1466 746 esse

320 785 466 855 adlirmat,
491 804 558 846 cum
579 787 672 861 lonpo
695 794 724 846 et
746 788 841 847 nostri
862 784 932 846 libri
954 803 1058 847 omnes
1081 786 1240 848 exhibeant
1263 795 1292 848 et
1307 787 1399 849 luisse
1415 789 1466 865 qui

318 887 507 968 praeferrent
530 884 643 948 Gellius
666 894 778 950 narret.
828 887 910 948 Idem
939 894 1038 967 potest
1065 890 1149 951 testis
1171 907 1237 950 esse
1259 895 1382 950 auctore
1404 888 1462 950 lor·

318 998 396 1053 tasse
412 988 508 1050 Plinio
531 991 735 1066 genetivorum
757 990 906 1052 Achilli
926 998 955 1051 et
980 991 1097 1052 Ulixi.
1129 993 1297 1062 Praeterea,
1320 993 1378 1053 nisi
1394 991 1463 1071 quid

317 1094 381 1171 ipse
417 1090 568 1153 Charisius
601 1092 810 1162 intermiscuit,
845 1099 948 1152 tuetur
975 1092 1109 1153 Latinam
1143 1095 1304 1155 accusativi
1337 1094 1464 1154 lormam

317 1195 421 1255 Pomm
445 1192 488 1269 lut
508 1193 579 1253 Irim
604 1201 633 1254 et
655 1193 778 1274 Tigrim)
802 1195 874 1255 den.
898 1193 924 1254 X
947 1190 1024 1268 705,
1055 1195 1103 1255 cui
1125 1193 1268 1256 Graecam
1297 1195 1393 1256 nostri
1415 1213 1464 1254 eo·

317 1297 400 1357 dices
422 1295 614 1356 substituunt.
660 1294 719 1356 Sed
741 1297 767 1357 si
788 1297 853 1375 ipse
875 1295 948 1373 legit
969 1298 1041 1356 den.
1065 1296 1092 1356 11
1115 1293 1157 1357 90
1185 1298 1263 1376 quod
1287 1296 1367 1376 apud
1390 1294 1463 1357 Cha·

317 1399 422 1460 risium
440 1405 486 1458 est
503 1397 632 1471 fallacis
648 1397 692 1476 (ut
707 1393 888 1475 Pytolbtm)
911 1415 967 1476 pro
985 1401 1168 1474 pellacis,
1193 1397 1373 1478 interpolato
1391 1416 1464 1459 usus

318 1507 364 1562 est
386 1499 496 1562 codice.
552 1499 589 1559 Et
610 1499 739 1577 turpiter
761 1497 881 1559 delusus
905 1505 949 1560 est
971 1501 1101 1578 pessima
1124 1501 1277 1580 scriptura·
1293 1503 1383 1562 tertio
1410 1519 1465 1580 pro

317 1605 437 1664 tertio
469 1603 540 1663 den.
565 1600 605 1661 lll
633 1597 690 1671 37,
725 1617 782 1678 qua
814 1608 983 1686 nostrorum
1018 1600 1163 1663 librorum
1198 1602 1297 1664 nullus
1329 1603 1464 1680 inquina-

318 1710 365 1765 tus
388 1710 442 1765 est.

401 1807 574 1874 Palaemon,
598 1823 658 1866 non
679 1804 833 1865 Remmius
854 1803 914 1874 ille,
938 1805 990 1866 sed
1014 1805 1117 1867 Gallus
1139 1807 1237 1886 quarti
1259 1823 1287 1885 p.
1306 1804 1375 1867 Chr.
1400 1823 1463 1866 sae·

317 1908 376 1970 culi
398 1906 503 1969 rhetor
525 1914 555 1967 et
576 1908 788 1985 grammaticus
811 1905 858 1984 (ol.
875 1905 1107 1969 Schottmueller
1127 1904 1169 1968 26
1185 1908 1273 1987 squ),
1297 1925 1404 1967 vereor
1427 1924 1465 1966 ne

315 2008 498 2090 interpolato
522 2009 618 2070 codici
640 2009 801 2070 crediderit
829 2009 907 2088 quod
930 2009 1002 2070 hen.
1026 2009 1064 2070 lx
1088 2005 1151 2070 ’164
1171 2017 1275 2085 teroem
1297 2028 1313 2070 a
1335 2007 1465 2086 Vergilio

319 2113 463 2191 scriptum
480 2130 546 2173 esse
562 2110 716 2171 adseverat
739 2111 787 2188 (cl.
805 2109 1035 2172 Schnttmueiler
1050 2109 1070 2170 l.
1086 2109 1105 2170 l.
1123 2107 1184 2187 21).
1209 2110 1348 2172 Eiusdem
1363 2108 1464 2187 negle-

317 2217 414 2292 gentia
444 2221 489 2275 est
516 2213 595 2293 quod
619 2231 653 2273 ex
676 2215 748 2274 hen.
772 2209 899 2274 V11453
920 2216 1057 2274 iuuenum
1081 2231 1137 2292 pro
1156 2230 1283 2287 repom
1309 2212 1464 2288 excerpsit.

403 2317 595 2378 Comtotooos
611 2331 729 2393 quoquc
745 2313 854 2375 malum
870 2314 1153 2394 interpolamentum
1167 2318 1198 2376 ia
1214 2331 1341 2377 carcere
1354 2316 1426 2375 Aen.
1443 2313 1466 2371 V

320 2415 381 2478 147
405 2437 461 2498 pro
483 2418 612 2495 genuina
635 2417 778 2476 memoria
801 2406 920 2487 habuit,
951 2434 1027 2495 quae
1049 2419 1113 2479 siue
1136 2415 1228 2478 dubio
1252 2401 1296 2478 est
1324 2419 1358 2477 in
1381 2431 1464 2476 oer-

316 2521 425 2581 bero.
472 2518 524 2599 (Cl.
548 2537 573 2577 v.
601 2513 682 2597 145.)

404 2618 598 2682 Commendat
612 2621 771 2681 Diomedes
785 2621 856 2682 heu.
873 2619 911 2680 lX
930 2616 991 2682 109
1006 2620 1084 2701 quod
1101 2623 1132 2681 in
1155 2619 1236 2681 nullo
1261 2620 1364 2682 codiee
1387 2626 1466 2680 extat

316 2739 438 2792 sacros,
473 2721 524 2783 sed
558 2723 600 2781 ita
628 2728 661 2782 ut
682 2729 824 2801 appareat
846 2741 913 2782 eum
943 2725 1112 2784 coniectura
1141 2723 1249 2784 mutari
1284 2721 1358 2782 velle
1386 2720 1465 2799 quod

318 2823 459 2884 traditum
484 2824 522 2884 sit
548 2826 689 2898 sacris,
720 2823 799 2900 quod
827 2830 926 2885 tamen
955 2843 1030 2904 opus
1051 2826 1174 2884 minime
1195 2825 1260 2885 luit.
1310 2823 1403 2884 Etiam
1426 2822 1466 2882 IX

321 2921 382 2986 144
404 2934 524 2987 secutus
548 2932 593 2987 est
614 2926 793 3005 scripturam
817 2944 857 2986 oo
879 2943 938 2986 oon
961 2945 976 2986 a
999 2927 1110 2987 nostris
1133 2924 1366 3006 exemplaribus,
1390 2942 1465 3004 quae

318 3036 357 3088 ot
379 3045 454 3089 oon
476 3026 596 3099 habent,
621 3027 756 3097 alienam,
781 3027 832 3088 sed
857 3035 955 3089 tamen
972 3029 1075 3090 Servio
1095 3044 1212 3107 quoque
1234 3032 1336 3087 notam
1352 3032 1382 3086 et
1396 3044 1466 3105 pro-

317 3127 425 3190 batam.

340 3271 345 3282 =
404 3231 584 3312 Conspirant
599 3231 750 3294 Charisius
774 3241 803 3292 et
818 3231 977 3294 Diomedes
999 3233 1030 3293 iu
1046 3231 1197 3292 deteriore
1211 3230 1338 3292 lectione
1353 3245 1467 3306 moero
1494 3277 1500 3288 ,

289 3321 291 3325 ’
321 3352 377 3413 pro
400 3351 562 3410 mopuoe
594 3336 666 3396 herr.
690 3333 744 3394 Xll
769 3330 829 3394 168
852 3352 919 3394 cum
942 3352 964 3412 γ
987 3334 1034 3412 (cl.
1058 3332 1198 3413 Servius).

407 3435 560 3498 Diomedis
582 3443 681 3498 textus
703 3435 782 3496 redit
803 3437 833 3496 in
857 3455 875 3514 χ
897 3437 969 3496 hen.
987 3435 1036 3496 Vll
1054 3431 1112 3496 171
1129 3437 1229 3495 medio
1243 3453 1299 3514 pro
1321 3449 1465 3495 summo.

406 3537 557 3600 Diversum
581 3558 597 3600 a
619 3539 730 3600 nostris
753 3537 904 3599 codicibus
926 3537 1100 3598 memoriam
1123 3535 1200 3616 apud
1224 3535 1387 3598 Charisium
1411 3533 1470 3594 hoc

315 3640 382 3701 loco
404 3638 513 3700 habes:

465 3723 469 3732 ’
519 3743 596 3803 Aen.
620 3740 657 3802 Vl
680 3738 743 3803 760
764 3745 899 3803 iuuenem
921 3740 997 3802 male
1019 3761 1076 3820 pro
1099 3741 1255 3802 iuvenis.

407 3844 481 3906 Cum
504 3843 592 3904 simili
616 3842 681 3904 loco
704 3846 901 3904 contaminata
925 3842 1002 3922 apud
1026 3843 1151 3903 eundem

576 3945 649 4006 hen.
672 3945 712 4006 lx
734 3942 796 4008 358
816 3949 914 4022 pictos
936 3963 990 4024 pro
1007 3945 1209 4021 pulchros,
1228 4009 1231 4014 ,

324 4047 403 4127 apud
425 4047 597 4108 Diomedem

572 4155 645 4211 Aen.
683 4149 709 4210 x
734 4146 793 4210 149
816 4151 966 4224 decusque
986 4166 1042 4227 pro
1063 4164 1259 4224 penusque.

405 4250 449 4311 Ex
471 4251 717 4330 interpretatione
740 4258 802 4311 orta
826 4249 903 4329 apud
927 4247 1109 4318 Charisium;

469 4355 541 4415 hen.
564 4353 590 4413 ll
615 4349 675 4414 108
698 4355 817 4414 voluere
838 4369 893 4430 pro
915 4354 1087 4428 cupiere:
1109 4351 1147 4412 cl.
1171 4350 1292 4412 Servius

498 4485 510 4500 ·
566 4453 592 4516 X
614 4451 822 4516 trasancos
844 4460 875 4513 et
896 4469 1026 4528 mannus
1046 4471 1102 4534 pro
1125 4455 1234 4514 ottus.
