3276 5050
295 377 356 446 138
739 402 982 448 aeoonoounux.

293 577 366 642 tum,
390 572 460 650 quia
475 589 593 633 causam
617 571 764 652 dispicere
786 589 846 633 non
869 579 1003 650 poteram
1027 589 1081 631 cur
1103 569 1256 649 duplicare
1270 568 1437 630 sibilantem

295 675 423 735 litteram
446 692 533 755 quam
557 675 713 736 Caesarem
737 681 767 735 et
788 671 961 735 Sallustium
988 679 1109 736 secutus
1137 675 1187 736 die
1216 671 1310 737 lotura
1333 673 1435 736 iucun·

293 776 377 865 diore
399 777 443 836 uti
464 775 601 838 maluerit
623 784 720 856 poeta.

378 877 421 940 hd
444 878 687 959 orthographiam
710 879 756 942 vel
780 879 982 958 orthoepeiam
998 887 1119 959 spectat,
1145 881 1223 958 qood
1243 881 1344 955 fumat
1365 882 1437 942 hen.

298 978 379 1043 1113
403 979 594 1043 circumflexa
616 981 720 1045 ultima
743 981 853 1062 syllaba
876 981 966 1042 scribi
988 981 1034 1042 vel
1056 985 1242 1062 pronuntiari
1263 984 1358 1052 iussit,
1381 983 1438 1042 sci·

295 1082 366 1144 licet
387 1091 421 1144 ut
442 1083 607 1162 perlectum
631 1091 749 1164 tempus
776 1091 989 1162 agnosceretur
1012 1091 1041 1144 et
1063 1103 1151 1164 quem
1172 1084 1311 1147 Claudius
1333 1084 1437 1145 Sacer·
1479 1113 1481 1117 ·

295 1185 350 1248 dos
373 1181 443 1248 189
466 1186 577 1247 notavit
599 1185 793 1247 soloecismus
817 1186 934 1266 (cecidit
947 1186 1101 1266 etfumot)
1124 1188 1279 1256 vitaretur;
1303 1185 1439 1266 reditque

294 1287 397 1350 eadem
426 1289 520 1358 ratio,
556 1303 644 1368 quam
679 1289 786 1349 merito
813 1307 874 1350 non
900 1287 1064 1369 procedere
1091 1291 1207 1351 monuit
1233 1291 1367 1358 Serrius,
1407 1289 1438 1350 iu

295 1391 402 1453 bonati
430 1391 468 1452 ad
490 1390 559 1451 Ter.
584 1389 700 1470 adelph.
724 1389 814 1458 1113,
840 1388 878 1451 11
902 1391 1124 1453 commentario.

381 1493 513 1568 Troiam,
540 1494 648 1554 Graios
664 1498 693 1552 et
707 1493 830 1554 Aiacem
852 1511 906 1572 per
928 1511 1020 1553 unum
1042 1495 1055 1553 i
1075 1493 1166 1554 scribi
1188 1495 1318 1555 vetuisse
1340 1493 1436 1554 lentur

240 1645 244 1652 .
270 1615 310 1660 ¹a
332 1595 436 1656 Servio
456 1578 495 1655 ad
517 1596 589 1655 Aen.
613 1595 626 1655 l
650 1593 679 1656 1.
724 1595 859 1657 Ciceroni
881 1594 954 1657 haec
976 1595 1052 1655 ratio
1074 1594 1240 1674 placuerat,
1271 1597 1321 1672 qui
1343 1595 1434 1674 gemi-

239 1685 242 1697 ’
293 1705 362 1759 nata
390 1700 403 1758 i
429 1694 579 1758 scribebat
606 1700 667 1758 aiio
690 1699 790 1758 Matio
813 1696 1023 1778 (Quintilianus
1046 1694 1109 1775 14,
1135 1694 1184 1778 ll)
1212 1698 1307 1759 Atiam
1332 1697 1436 1758 Troilo

292 1795 400 1879 (Velius
412 1797 532 1877 Longus
543 1794 653 1878 2919);
671 1800 790 1861 Caesari
803 1817 873 1860 vero
887 1801 974 1862 etiam
985 1799 1096 1878 triplici
1108 1801 1261 1878 genetivus
1277 1802 1433 1877 Pompeia,

290 1902 316 1962 si
328 1901 480 1962 Prisciano
491 1919 521 1980 p.
535 1895 599 1962 545
611 1900 656 1962 vel
668 1920 756 1981 quam
768 1899 868 1962 laudat
879 1902 1007 1962 l'ictoris
1020 1903 1076 1962 arti
1089 1903 1298 1980 grammaticae
1318 1901 1355 1962 de
1373 1900 1431 1981 syl·

294 2001 369 2064 labis
382 2002 464 2064 fides.
495 2003 537 2067 Ac
559 2001 662 2064 solitos
684 2005 823 2083 antiquos
844 2007 953 2065 meiius
968 2007 1071 2080 petius
1091 2008 1167 2066 etius
1189 2006 1384 2084 pronuntiare
1408 2011 1438 2064 et

291 2106 322 2165 in
344 2105 550 2166 vetustissimis
568 2106 726 2183 scripturis
749 2107 877 2167 inveniri
895 2109 972 2168 eiius
985 2099 1157 2184 Pompeiius
1176 2108 1323 2168 Volteiias
1335 2109 1439 2168 Gallus

291 2206 371 2268 idem
394 2213 425 2268 et
445 2205 464 2268 l.
489 2206 507 2267 l.
532 2213 562 2267 et
584 2203 691 2268 v1119
713 2214 846 2270 testatur.
892 2207 951 2268 Sed
973 2209 998 2269 is
1021 2227 1088 2270 cum
1111 2211 1234 2269 ‘omnes
1257 2210 1307 2284 qui
1329 2207 1366 2267 de
1388 2205 1436 2266 lit·

291 2310 365 2370 teris
387 2310 535 2371 curiosius
557 2310 759 2389 scripserunt’
781 2309 811 2369 id
833 2309 982 2372 allirmare
1006 2309 1084 2371 dicat
1104 2329 1133 2389 p.
1158 2305 1228 2378 739,
1251 2310 1313 2388 ipsa
1337 2314 1434 2369 vetus·

292 2413 361 2472 tatis
382 2418 574 2473 monumenta
596 2429 657 2472 non
677 2412 844 2491 inspexisse
866 2411 981 2471 videtur
1004 2409 1051 2490 (cl.
1068 2410 1275 2471 Lachmannus
1296 2409 1332 2470 ad
1347 2409 1435 2471 Lucr.

292 2513 328 2574 Vl
357 2508 444 2592 424),
474 2506 531 2574 nec
559 2515 590 2574 in
617 2520 680 2574 toto
709 2512 937 2591 inscriptionum
964 2511 1137 2574 Latinarum
1165 2513 1435 2590 antiquissimarum

292 2613 449 2684 volumine,
474 2614 503 2674 h.
527 2633 553 2675 e.
576 2632 671 2694 usque
693 2613 730 2674 ad
746 2613 881 2676 Caesaris
903 2622 1030 2674 mortem
1052 2614 1146 2676 ullum
1169 2616 1335 2695 scripturae
1356 2614 1436 2675 illius

292 2713 459 2795 exemplum
475 2724 595 2795 praeter
610 2696 705 2786 EIVS,
729 2715 806 2793 quod
824 2714 941 2777 duobus
967 2715 1041 2778 loeis
1063 2723 1151 2787 extat,
1175 2716 1263 2778 hodie
1277 2719 1434 2778 invenitur.

291 2818 393 2895 ltaque
425 2836 486 2878 non
519 2816 638 2898 publico
674 2835 730 2879 usu
759 2816 914 2898 receptum
944 2817 1021 2898 qnod
1050 2821 1235 2898 grammatici
1263 2819 1342 2881 illius
1371 2821 1434 2881 aevi

292 2920 539 2998 excogitaverant.
596 2919 655 2982 Sed
690 2939 726 2982 ex
753 2921 920 2999 posteriore
953 2939 1024 2982 sane
1057 2928 1194 3000 tempore
1226 2923 1390 3000 geminatae
1424 2924 1437 2981 t

290 3023 424 3100 quamvis
446 3040 539 3102 pauca
562 3021 696 3103 exempla
711 3024 865 3099 Pompeiic
887 3023 1040 3100 Opetreiio
1061 3022 1239 3092 Sobiaeiiuo,
1262 3021 1348 3101 plura
1370 3021 1434 3081 lon·

292 3142 346 3203 gae
375 3141 452 3202 quae
481 3123 607 3204 duplicis
635 3127 698 3188 vice
720 3124 938 3205 quodammodo
960 3126 1092 3204 iungitur
1123 3123 1306 3202 collegerunt
1334 3121 1432 3184 Hueb·

250 3275 254 3282 .
292 3245 384 3288 nerus
406 3233 532 3308 quaesti.
562 3235 692 3289 onomat.
715 3224 756 3289 26
779 3244 823 3307 sq.
854 3235 883 3288 et
905 3226 981 3289 Guil.
1006 3225 1135 3288 Schmitz
1161 3227 1193 3286 in
1221 3243 1328 3287 comm.
1357 3224 1394 3285 de
1422 3224 1434 3284 l

290 3330 438 3407 geminata
471 3337 501 3390 et
531 3329 568 3391 de
600 3329 613 3390 l
644 3329 733 3409 longa
759 3329 870 3406 (buren
899 3326 1006 3407 1860):
1047 3329 1084 3390 cl.
1111 3347 1187 3396 mus.
1215 3325 1311 3389 Rhen.
1341 3324 1434 3387 XVlll

292 3427 354 3494 144
377 3448 423 3510 sq.
1195 3415 1197 3420 ’

225 3609 230 3626 ⁸
376 3533 442 3596 Non
464 3535 553 3612 igitur
575 3536 699 3605 novicia,
723 3533 775 3596 sed
798 3535 870 3595 satis
893 3534 1012 3610 antiqua
1035 3533 1170 3594 doctrina
1193 3540 1246 3601 est,
1271 3549 1358 3609 quam
1374 3549 1434 3591 non

297 3641 343 3697 cst
364 3637 418 3697 eur'
445 3636 614 3697 dubitemus
636 3636 787 3717 Berytium
815 3635 1039 3714 grammaticum
1070 3653 1121 3695 sua
1150 3635 1326 3695 auctoritate
1354 3651 1434 3693 com·

293 3737 446 3818 probasse.
470 3757 525 3798 nec
549 3757 612 3798 eam
636 3739 713 3799 intra
735 3739 792 3800 tria
813 3736 863 3798 illa
885 3737 1004 3798 nomina
1027 3737 1196 3797 coercuisse
1217 3735 1364 3815 putandus
1380 3741 1431 3794 est.

293 3840 394 3918 ltaque
416 3839 506 3901 Probi
528 3842 623 3900 nostri
645 3858 764 3902 manum
787 3857 929 3918 agnosco,
959 3837 1139 3917 ubicumque
1162 3840 1192 3897 in
1215 3835 1300 3897 lihris
1322 3837 1434 3896 nostris

293 3940 401 4020 duplex
424 3943 434 4001 i
456 3941 574 4020 legitur.
618 3941 705 4003 Extat
724 3942 842 4004 Troilus
864 3949 893 4001 et
910 3941 1033 4002 Troiiae
1054 3941 1085 3999 in
1100 3942 1137 4013 F,
1164 3941 1255 3999 Graii
1272 3939 1302 3998 in
1317 3939 1431 4016 anisy,

293 4046 395 4116 Graiis
422 4045 453 4104 in
482 4046 524 4120 P,
558 4047 704 4118 ieiioneo,
737 4062 796 4124 quo
830 4041 965 4121 exemplo
995 4041 1193 4102 Terentianus
1221 4039 1341 4100 Maurus
1371 4036 1434 4101 619
1485 4120 1489 4126 ¹

294 4147 396 4217 utitur,
419 4147 450 4206 in
473 4149 507 4207 P.

376 4248 472 4309 Porro
507 4256 542 4310 ut
574 4248 684 4308 Marius
721 4247 890 4308 Victorinus
926 4263 955 4325 p.
989 4239 1072 4305 2477
1111 4249 1237 4304 testatur
1276 4261 1343 4304 esse
1383 4243 1434 4320 qui

293 4350 472 4428 ‘Troiiaque
493 4369 574 4412 nunc
595 4353 708 4410 stares'
730 4351 802 4410 Aen.
827 4343 908 4410 1156
930 4354 962 4407 ut
984 4348 1140 4424 ‘proiieeit
1154 4345 1241 4407 lluvio
1256 4347 1433 4425 penitusque

294 4451 441 4532 inlnubila
457 4442 559 4532 logit''
571 4451 624 4514 llll
638 4447 701 4514 256
714 4451 804 4514 scribi
818 4445 949 4519 iubeant,
968 4451 1088 4526 proiice
1105 4449 1135 4511 in
1148 4449 1177 4512 B
1192 4455 1222 4510 et
1235 4441 1391 4528 superlicit
1406 4452 1435 4506 et
