3230 5046
702 417 707 422 ’
769 413 1012 456 PROLEGOMENA.

845 696 868 776 s
894 694 953 781 18·⁴

408 887 468 948 Nec
490 905 614 965 prorsus
636 885 673 946 ab
695 885 742 945 bis
769 882 1014 964 μεταφραστῶν
1042 883 1147 944 studiis
1175 883 1287 946 alienae
1315 888 1473 947 declama-

322 993 416 1050 tiones
438 987 592 1048 rhetorum
614 989 746 1056 lueruut,
770 988 820 1065 qui
835 988 968 1048 themata
989 975 1265 1048 controversiarum
1287 1005 1321 1047 ex
1339 987 1473 1066 Vergilio

322 1089 509 1151 ‘elicuerunt
532 1097 560 1150 et
583 1088 824 1150 adlormaverunt
846 1087 882 1149 ad
900 1083 1029 1148 J'dicendi
1058 1092 1161 1148 usum'
1193 1087 1323 1162 (Servius
1345 1091 1417 1154 len.
1442 1090 1473 1150 X

324 1188 383 1268 18).
429 1191 503 1251 Nam
525 1197 681 1251 veneratos
705 1208 770 1252 esse
791 1189 941 1250 Romanos
963 1188 1125 1265 Vergilium
1150 1196 1298 1266 tamquam
1321 1190 1368 1251 vel
1384 1191 1471 1252 Cice-

320 1311 395 1354 rone
422 1294 671 1372 praestantiorem
700 1291 887 1371 eloquentiae
909 1292 1099 1368 magistrum,
1128 1289 1184 1351 soli
1206 1291 1335 1352 Homero
1364 1295 1470 1371 aequi-

320 1393 498 1474 parabilem,
528 1395 599 1454 satis
629 1393 716 1454 docet
738 1411 773 1453 ex
795 1391 937 1454 Macrobii
960 1390 1169 1453 Saturnalibus
1198 1390 1274 1453 liber
1302 1393 1355 1453 llll
1383 1392 1430 1470 (cl.
1457 1395 1471 1456 Ι
1589 1471 1590 1486 ¹

323 1492 373 1565 24,
400 1492 449 1555 14.
473 1496 575 1556 Viuit.
599 1497 671 1556 item
695 1493 828 1572 dialogus
851 1494 888 1556 de
911 1499 985 1555 orat.
1008 1489 1070 1570 20).
1102 1493 1244 1573 Exemplo
1260 1501 1306 1555 est
1327 1495 1407 1574 quod
1431 1495 1470 1556 ad

321 1599 392 1658 Aen.
410 1597 435 1657 X
456 1593 519 1658 532
535 1596 654 1657 Servius
677 1595 808 1657 colorem
830 1595 1014 1656 rhetoricum
1038 1603 1252 1656 commemorat
1274 1612 1331 1672 quo
1348 1598 1469 1658 Aeneae
1589 1633 1590 1656 r

320 1715 499 1778 responsum
523 1692 681 1760 tractatum
705 1705 763 1758 cst:
795 1697 958 1776 ‘inprobus
987 1714 1019 1756 es
1050 1698 1099 1775 qui
1127 1704 1178 1756 aut
1205 1699 1269 1774 regi
1299 1697 1393 1758 dones
1416 1708 1471 1758 aut
1589 1703 1590 1748 l

320 1799 395 1860 tilios
407 1799 598 1884 exheredes.'.
622 1799 812 1860 Praeclarum
828 1819 897 1860 varo
914 1799 1123 1859 controversiis
1140 1799 1353 1876 componendis
1369 1797 1470 1860 locum

323 1903 444 1960 Veneris
468 1907 498 1960 et
518 1902 641 1962 lunonis
663 1901 731 1962 libri
753 1907 825 1962 Aen.
850 1900 874 1960 X
901 1901 985 1960 initio
1008 1898 1161 1959 altercatio
1185 1889 1274 1968 dedit,
1305 1917 1392 1976 quem
1417 1919 1469 1960 ex·
1589 1885 1590 1954 l

321 2011 502 2063 ornaverunt
525 2003 680 2083 Titianus,
700 2003 797 2063 ‘laudi
820 2003 954 2072 artilex',
980 2002 1029 2078 qui
1051 2002 1174 2061 Ausonii
1198 2007 1293 2061 aetate
1308 2003 1471 2078 Aesopicas
1589 2039 1590 2082 t

320 2103 434 2196 fabulas
462 2103 595 2183 pedestri
625 2104 692 2164 stilo
725 2105 811 2164 vertit
834 2101 954 2181 (busun.
984 2103 1070 2180 epist.
1098 2098 1145 2168 16,
1171 2098 1212 2162 74
1234 2121 1297 2180 sqq.
1323 2104 1468 2180 et‘prael.

320 2207 405 2283 epist.
430 2204 467 2266 cl.
483 2207 604 2266 Vossius
627 2206 663 2266 de
686 2205 753 2265 bist.
770 2204 881 2265 Latinis
902 2204 929 2264 ΙΙ
954 2201 991 2279 1),
1017 2210 1046 2262 et
1063 2205 1182 2272 Celeus,
1207 2211 1239 2264 ut
1260 2205 1291 2263 iu
1306 2203 1470 2280 Reginensi
1589 2283 1590 2286 Ἴ

322 2303 413 2375 1674,
442 2307 503 2366 sive
528 2308 683 2369 Catulinus
712 2307 828 2366 rectius
852 2307 881 2366 in
904 2305 1039 2366 Parisino
1062 2301 1145 2365 7929
1168 2305 1261 2366 Servii
1289 2304 1325 2365 ad
1347 2308 1418 2365 Aen.
1443 2305 1470 2366 X

322 2404 361 2468 18
384 2407 535 2478 scribitur,
559 2407 690 2484 aequalis
712 2405 798 2476 illius,
824 2408 855 2466 ni
876 2405 972 2468 fallor.
1009 2406 1137 2466 Sanctus
1152 2406 1333 2484 Augustinus
1346 2425 1470 2485 quoque

319 2527 394 2587 puer
418 2509 536 2570 saeculo
567 2515 672 2586 quarto
701 2508 799 2568 medio
828 2509 859 2568 iu
881 2507 1018 2568 Numidia
1047 2507 1154 2568 solutis
1181 2507 1279 2568 verbis
1309 2508 1408 2568 dicere
1437 2511 1469 2568 iu
1589 2573 1590 2582 ἦ

320 2609 421 2670 schola
444 2611 606 2688 cogebatur
629 2628 704 2687 quae
728 2608 862 2669 versibus
884 2608 1031 2686 Vergilius
1054 2617 1263 2678 exornaverat,
1289 2608 1368 2669 velut
1390 2611 1466 2668 iras·
1589 2605 1590 2624 *

221 2737 223 2742 ⁴
320 2712 415 2770 centis
436 2712 466 2770 in
489 2713 587 2790 primo
609 2709 748 2771 Aeneidis
776 2709 853 2770 libro
877 2707 926 2790 (37
951 2710 1026 2790 sqq.)
1055 2710 1176 2771 lunonis
1205 2710 1293 2771 verba
1329 2709 1467 2790 (confess

321 2812 334 2872 Ι
362 2809 419 2892 17).
826 2802 831 2812 ’

404 2913 547 2974 Versibus
570 2915 733 2992 composita
755 2914 888 2974 themata
916 2915 1096 2989 Vergiliano
1120 2918 1220 2973 extant
1242 2913 1466 2990 imantbologia

319 3015 423 3075 Latina
446 3015 608 3074 burmamri
630 3013 681 3074 lib.
705 3015 718 3074 Ι
740 3033 821 3075 num.
848 3011 908 3076 108
931 3017 978 3074 ‘in
994 3015 1124 3074 Aeneam
1146 3015 1260 3092 patrios
1282 3022 1406 3091 penates
1429 3034 1467 3074 ex

320 3117 428 3177 Troiae
443 3115 582 3176 incendio
598 3123 766 3194 cumpatre
782 3098 967 3178 auferentem
975 3121 994 3185 ',
1022 3113 1081 3176 110
1097 3115 1134 3175 de
1148 3115 1326 3183 Laocoonte,
1345 3112 1407 3175 114
1422 3133 1467 3192 sq.
1589 3143 1590 3202 j

320 3218 357 3277 de
380 3216 521 3287 Pallante,
548 3215 608 3278 116
631 3217 668 3278 de
690 3219 792 3278 Turno
816 3226 845 3278 et
867 3217 1008 3287 Pallante,
1036 3214 1097 3277 118
1120 3216 1156 3276 de
1181 3215 1321 3294 Euryalo,
1347 3213 1408 3276 119
1430 3216 1469 3276 de

320 3319 390 3379 Niso
413 3325 442 3378 et
463 3317 600 3396 Euryalo,
627 3317 687 3382 173
711 3319 831 3380 bidonis
854 3319 890 3379 ad
912 3319 1032 3380 Aenean
1056 3317 1180 3396 epistola
1204 3315 1377 3395 (secundum
1393 3319 1467 3378 Aen.

320 3421 375 3480 llll
398 3415 462 3480 304
484 3439 548 3498 sqq.
571 3417 634 3481 365
660 3423 744 3500 sqq),
781 3420 909 3500 denique
932 3422 1080 3480 orationes
1106 3415 1167 3480 174
1191 3419 1313 3480 [lidonis
1336 3418 1371 3477 ad
1396 3420 1469 3480 Aen.
1589 3511 1590 3516 η

320 3521 373 3582 llll
393 3516 455 3582 365
478 3538 543 3599 sqq.
569 3521 747 3600 exemplum,
773 3519 833 3582 175
856 3522 959 3583 Sancis
975 3521 1137 3582 secundum
1153 3523 1224 3582 Aen.
1242 3519 1294 3582 Xll
1310 3516 1372 3582 653
1388 3536 1464 3596 sqq,
1479 3519 1486 3536 ⁸

322 3619 383 3683 176
404 3622 523 3682 Aeneae
546 3622 805 3684 secundum.rlen.
827 3623 867 3683 lll
888 3620 960 3685 315.

405 3723 545 3792 Ceterum
568 3723 645 3785 hanc
667 3724 912 3786 scholasticorum
939 3725 1116 3786 industriam
1144 3725 1231 3784 etiam
1255 3723 1291 3784 ad
1313 3725 1378 3800 ipsa
1394 3725 1467 3784 Ver-

320 3824 382 3902 gilii
406 3827 537 3886 carmina
566 3825 775 3906 interpolanda
808 3827 934 3888 multum
969 3826 1144 3887 contulisse'
1163 3824 1302 3904 proclivis
1335 3826 1468 3904 suspicio

321 3935 374 3988 est.
429 3927 523 3998 Quam
553 3936 651 3990 autem
679 3931 738 3990 iam
768 3948 784 3989 a
812 3923 937 3989 sa'eculis
959 3928 1028 3988 inde
1049 3927 1180 3988 secundo
1208 3934 1237 3986 et
1259 3927 1346 3986 tertio
1372 3944 1467 4003 usque

320 4027 357 4088 ad
381 4036 496 4088 sextum
518 4029 661 4108 frequens
683 4031 775 4092 luerit
798 4030 1013 4107 elegantiorum
1038 4030 1124 4090 etlam
1155 4028 1308 4090 hominum
1337 4027 1468 4088 studium

321 4129 503 4191 carminibus
520 4132 696 4210 Vergilianis
718 4151 778 4192 non
801 4130 900 4192 miuus
916 4147 1002 4206 quam
1019 4130 1184 4196 Homericis
1201 4127 1236 4189 ad
1254 4130 1332 4189 varia
1347 4119 1466 4190 lusuum

320 4250 431 4310 genera
454 4231 610 4302 abutendi,
640 4235 769 4312 primum
801 4232 987 4291 demonstrat
1010 4231 1106 4292 Ostdia'
1128 4233 1222 4291 Getae
1244 4249 1259 4290 a
1282 4229 1467 4290 Tertulliano

321 4333 357 4393 de
389 4333 674 4412 praescriptionibus
702 4332 765 4393 adv.
797 4333 964 4392 haereticos
993 4351 1018 4392 c.
1048 4329 1090 4392 39
1118 4338 1238 4411 praeter
1266 4329 1320 4391 alia
1350 4330 1466 4390 laudata

321 4436 483 4512 tropoedio
505 4437 684 4496 centonario
707 4435 816 4496 Medea
841 4432 959 4512 (anthol.
986 4433 1048 4495 Lat.
1078 4433 1090 4492 l
1119 4429 1178 4494 178
1203 4433 1234 4494 Β.
1259 4459 1300 4486 2:
1322 4427 1385 4493 235
1407 4431 1466 4512 lt),
