3276 5050
633 445 882 489 PROLEGOMENA.
1289 419 1331 484 85
1403 461 1406 469 ·

185 611 320 676 Debebat
353 611 507 693 splendida
544 613 627 674 ducis
656 616 809 675 exornatio
842 613 884 674 ibi
916 614 1105 692 potissimum
1138 613 1245 680 inseri,
1280 611 1331 670 ubi

185 719 288 776 ‘stans
310 709 440 778 celsa‘in
462 717 575 795 puppi’
600 724 629 776 et
651 715 726 776 elato
749 715 845 795 clipeo
868 715 985 776 ardenti
1008 713 1117 775 laetum
1133 713 1260 774 adventu
1276 729 1329 772 suo

185 817 420 890 Dandaridarum
443 815 604 879 clamorem
628 820 757 879 excitare
780 817 888 879 dicitur
911 814 982 899 (261
1006 821 1092 896 sqq).
1145 813 1254 877 Contra
1276 815 1330 876 mi·

184 922 331 981 rationem
361 921 457 982 Turni
476 911 522 980 ⁴de
551 921 807 1000 adpropinquante
835 919 930 982 classe
962 915 1149 1000 (tea-269)
1179 914 1330 997 aptissime

184 1022 366 1100 sequebatur
389 1041 414 1082 v.
438 1018 501 1083 276
523 1039 582 1100 sq..
612 1021 751 1083 fiduciam
778 1029 877 1083 tamen
906 1039 966 1081 non
995 1023 1024 1080 ei
1054 1021 1178 1082 cessisse
1202 1039 1227 1079 e.
1253 1037 1280 1096 q.
1305 1039 1328 1080 s,

184 1124 244 1186 Sed
268 1126 407 1202 quoniam
430 1123 603 1202 simpliciter
625 1125 782 1203 transponi
804 1123 879 1184 haec
900 1116 960 1183 non
983 1130 1125 1203 possunt,
1149 1140 1210 1183 non
1233 1121 1330 1182 absol·

182 1229 262 1288 visse
283 1227 381 1288 locum
405 1226 580 1288 statuendus
602 1227 660 1286 erit
681 1221 776 1305 poeta.

268 1330 389 1392 ltlancos
411 1331 442 1390 iu
464 1331 621 1390 undecimo
642 1328 719 1390 libro
742 1328 817 1388 dnos
839 1335 954 1388 tantum
969 1327 1130 1388 versiculos
1144 1323 1207 1388 375
1223 1333 1253 1386 et
1267 1323 1327 1387 391

181 1431 318 1511 reliquit,
349 1451 475 1512 quorum
497 1431 576 1492 bunc
598 1431 656 1490 iam
679 1431 799 1509 antiquo
824 1436 957 1509 tempore
985 1430 1080 1490 luisse
1109 1431 1160 1508 qui
1188 1425 1328 1508 supplere

181 1536 386 1604 instituerent,
400 1535 465 1612 ipse
476 1533 627 1592 Mediceus
638 1531 714 1592 liber
727 1531 862 1610 exemplo
876 1538 928 1591 est.
959 1531 1024 1591 Non
1038 1530 1142 1592 clausit
1152 1532 1327 1598 sententiam

181 1656 207 1696 v.
222 1633 273 1705 87,
298 1635 453 1712 querellae,
479 1636 509 1694 ni
524 1634 624 1703 fallor,
648 1636 764 1696 docetis
781 1633 941 1694 additurus.
972 1633 1143 1694 Sententiae
1158 1635 1251 1712 ‘qnae
1266 1632 1328 1693 sola

183 1735 322 1798 Camillae
334 1739 454 1816 quicum
466 1738 570 1816 partiri
582 1738 686 1797 euras'
701 1732 782 1814 (822)
796 1742 976 1797 structuram
992 1735 1145 1795 crederem
1162 1734 1327 1796 absolutam
1358 1723 1366 1727 '¹

172 1857 259 1908 esse,
283 1841 309 1900 si
331 1838 457 1900 absoluti
479 1839 616 1899 infinitivi
638 1839 667 1896 in
691 1839 842 1898 enuntiato
858 1837 982 1898 relativo
1005 1855 1093 1898 usum
1111 1837 1327 1899 consuetudine

183 1941 312 2001 viderem
326 1942 494 2001 confirmari
507 1940 757 2019 (elwagneriqu.
767 1941 854 2017 Verg.
863 1938 961 2019 XXX).
985 1939 1064 2018 Ergo
1074 1939 1153 2000 hune
1166 1939 1328 2020 quoqucdc

170 2037 322 2104 'Camillae
346 2051 375 2103 et
396 2044 491 2104 Accae
515 2043 642 2102 amicitia
664 2039 762 2102 locum
785 2041 919 2111 uberius,
942 2042 1069 2102 tortasse
1092 2041 1129 2102 ad
1145 2042 1232 2103 Ennii
1248 2043 1325 2122 (ann.

181 2142 255 2224 239)
279 2144 447 2223 exemplum
479 2163 624 2206 exornare
652 2142 779 2204 voluisse
802 2141 963 2220 Vergilium
991 2145 1155 2204 statuerim.
1204 2144 1328 2204 Monstri

182 2249 287 2316 instar,
319 2246 398 2325 quod
411 2263 510 2324 vaegre
532 2245 605 2306 mihi
627 2245 793 2324 persuadeo
815 2245 915 2323 ipsum
937 2243 1125 2322 probavisse,
1155 2245 1326 2324 longissima

181 2367 237 2428 per
265 2347 459 2428 parenthesin
488 2349 567 2408 iuter
595 2346 704 2407 Dianae
734 2348 900 2408 orationem
935 2347 1043 2408 iniecta
1071 2354 1177 2426 poetae
1206 2347 1243 2407 de
1272 2348 1326 2408 Ca-

183 2449 283 2510 millae
305 2444 788 2528 161311641131131101531-5841,
808 2446 888 2510 Nam
907 2455 987 2510 errat
1009 2467 1190 2528 magnopere
1206 2449 1326 2511 Servius

183 2569 252 2612 cum
276 2543 393 2622 ceteris,
425 2553 474 2629 qui
495 2554 591 2630 ipsam
615 2549 700 2610 deam
723 2551 797 2612 haec
820 2567 938 2632 quoque
961 2551 1061 2612 dicere
1085 2543 1216 2612 animum
1238 2551 1323 2612 indu-

184 2661 307 2715 xerunt.
349 2654 446 2714 Pauca
469 2653 543 2714 lalso
565 2653 631 2713 loco
653 2655 779 2713 inserta:
804 2649 867 2714 264
883 2670 926 2730 sq.
953 2661 982 2714 et
1003 2655 1131 2714 fortasse
1145 2647 1324 2724 tce-472,

183 2771 258 2834 quae
280 2757 305 2816 si
327 2765 394 2834 post
416 2773 442 2814 v.
465 2751 528 2816 476
557 2753 603 2814 vel
630 2756 729 2833 potius
750 2750 815 2815 485
842 2749 1091 2834 transponuntur,
1121 2755 1228 2816 melius
1254 2775 1324 2816 con·

181 2859 346 2934 iunguntur
369 2849 445 2934 quae
467 2855 557 2916 rebus
579 2857 658 2916 inter
680 2875 712 2916 se
735 2863 802 2935 apta
825 2864 907 2916 sunt:
936 2865 969 2917 ut
990 2865 1147 2936 postquam
1170 2860 1200 2918 in
1222 2877 1325 2919 muros

182 2959 352 3020 discurrere
376 2955 523 3039 (armatos,
547 2967 628 3036 putu,
654 2957 837 3036 ut'desuper
861 2958 1029 3038 defendant)
1053 2957 1180 3037 legimus
1202 2980 1227 3020 v.
1250 2957 1322 3030 468,

174 3061 232 3122 'alii
254 3069 355 3141 portas
378 3062 496 3122 munire
521 3057 601 3140 (473)
626 3065 656 3119 et
677 3061 755 3120 inter
778 3059 901 3121 bucinae
925 3067 1043 3122 cantum
1066 3057 1148 3140 (474)
1171 3069 1324 3122 matronae

181 3183 301 3244 quoque
323 3165 471 3243 puerique
496 3161 598 3222 ultimo
621 3159 716 3222 labori
739 3177 805 3221 sese
828 3159 990 3240 adiungere
1015 3158 1086 3240 (475
1102 3164 1155 3242 sq.)
1179 3165 1321 3224 serantur.

181 3268 249 3346 lpse
277 3285 368 3346 porro
397 3267 499 3343 regina
528 3281 596 3324 cum
623 3272 751 3324 matrum
780 3261 871 3323 choro
901 3272 931 3323 et
953 3262 1071 3324 Lavinia
1094 3263 1220 3325 Palladis
1245 3257 1322 3335 'teru-

180 3366 265 3448 plum
281 3367 420 3446 adgressa
436 3374 577 3446 precatur
593 3361 790 3444 (etr-485),
815 3363 896 3426 solus
918 3383 971 3426 rex
993 3366 1116 3428 Latinus
1138 3369 1227 3428 misso
1243 3370 1324 3428 omni

181 3469 307 3533 consilio
329 3468 402 3528 nihil
426 3471 485 3546 agit
508 3465 706 3548 (loe-472),
730 3468 813 3528 euius
833 3468 959 3528 inertiae
982 3469 1092 3549 optime
1115 3471 1274 3550 opponitur
1295 3489 1320 3530 v.

180 3567 244 3632 486
259 3588 322 3650 sqq.
348 3571 442 3630 Turni
464 3569 579 3630 fiducia.
612 3570 796 3647 Quamquam
811 3584 915 3632 verum
938 3573 1035 3631 estin
1057 3570 1156 3631 verbis
1179 3571 1322 3650 quaedam

182 3675 282 3732 inesse
305 3691 380 3751 quae
403 3671 472 3732 huic
495 3670 591 3732 ordini
615 3672 816 3732 adversentur.
863 3675 903 3733 Ac
926 3671 1062 3752 displicet
1083 3675 1219 3752 inprimis
1234 3673 1322 3752 paulo

181 3783 248 3853 post
270 3793 295 3834 v.
319 3771 382 3834 469
404 3773 579 3834 ‘consilium
602 3777 666 3850 ipse
686 3779 789 3851 pater’
814 3774 903 3835 verba
925 3777 1086 3854 repetitum
1109 3795 1133 3836 v.
1157 3771 1221 3837 486
1243 3775 1321 3838 nulla
1390 3755 1392 3760 Ι

182 3876 310 3936 viidem
333 3893 499 3954 pronomen
521 3877 551 3936 in
574 3874 633 3936 his:
664 3878 810 3954 ‘cingitur
838 3879 903 3953 ipsc
929 3878 1061 3938 lurens’.
1112 3878 1257 3939 Nimirum
1284 3899 1322 3940 ne

181 3978 261 4038 lrunc
284 3977 403 4054 quidem
426 3977 525 4039 locum
548 3979 618 4039 satis
640 3977 806 4040 absolverat
832 3985 930 4058 poeta.

265 4079 478 4158 Loquaciorem
491 4098 556 4141 esse
569 4081 664 4142 sentio
681 4079 755 4141 locis
773 4079 922 4142 nonnullis
934 4083 1069 4143 naeniam
1076 4070 1216 4152 Euandri,
1233 4099 1321 4160 quam

179 4181 280 4241 nescio
291 4200 328 4241 an
340 4179 468 4241 laceram
480 4189 510 4242 et
520 4183 715 4262 inperfectam
727 4179 890 4263 reliquerit.
907 4183 1184 4263 Ollendorprimum
1196 4186 1225 4244 ln
1239 4205 1319 4264 mag·
1340 4189 1341 4192 ’

178 4285 227 4343 nis
240 4282 406 4362 Phrygibus
418 4303 444 4345 v.
460 4281 522 4348 170
536 4284 699 4364 appellatis.
724 4285 892 4347 Honorilice
905 4287 1023 4358 Teucri,
1037 4287 1157 4347 Troiani
1171 4287 1318 4359 dicuntur,

175 4386 372 4463 contemptim
384 4384 420 4447 ab
429 4387 556 4448 inimicis
563 4381 714 4466 Phr·vges.'
728 4389 838 4449 Poetae
849 4391 943 4459 uestri
955 4407 1059 4450 vereor
1069 4408 1109 4450 ne
1120 4391 1150 4449 iu
1163 4388 1220 4449 hoc
1232 4409 1320 4452 versu

179 4485 241 4548 sola
260 4489 319 4549 sint
341 4487 446 4570 ‘quam
460 4491 528 4569 pius
542 4489 684 4550 deneas'.
707 4489 801 4552 Porro
823 4509 848 4550 v.
868 4488 928 4553 171
946 4492 1039 4553 frater
1055 4509 1214 4574 germanus
1232 4499 1276 4555 est
1291 4512 1317 4556 v.
