3172 5038
323 383 385 450 356
768 407 1012 451 rnonuooueuu.
1080 367 1086 380 ’

408 576 493 635 Alter
521 576 722 634 Mentetienns
747 577 854 635 ceteris
887 574 1023 634 omnihus
1055 576 1094 650 (h.
1124 594 1149 636 e.
1176 576 1305 655 MPyae)
1334 586 1468 656 praestat
1575 637 1576 648 ,

323 678 394 737 den.
419 676 445 735 ll
468 673 529 735 778
554 675 597 734 vel
619 684 733 735 servata
758 675 801 735 vel
824 674 949 736 feliciter
971 677 1107 736 restituta
1130 679 1276 755 scriptura
1301 681 1414 756 optima
1437 687 1468 738 te

323 781 409 838 hinc
431 779 597 837 comitem
630 785 848 852 asportare,
885 794 972 855 quam
999 779 1029 836 in
1057 779 1074 836 h
1103 777 1194 838 altera
1217 779 1338 838 demum
1365 799 1468 840 manus

322 879 451 938 reduxit.
501 879 656 938 Communi
685 897 752 936 cum
779 877 1061 956 Rottendorphianis
1088 880 1250 956 paucisque
1285 879 1351 940 aliis
1382 881 1468 940 laude

323 979 431 1040 iruitur
454 979 531 1057 quod
554 979 625 1039 Aen.
651 975 775 1040 1x514
803 981 951 1056 integrum
980 978 1104 1058 praebet
1131 983 1251 1057 iuuat,
1288 983 1377 1042 variis
1405 1001 1467 1042 cor·

323 1081 447 1161 ruptelis
469 1082 500 1140 in
524 1081 698 1158 FMPBybc
721 1089 749 1139 et
771 1081 847 1158 apud
871 1081 1080 1157 grammaticos
1103 1081 1310 1142 deformatum.
1341 1083 1468 1160 iutegri-

324 1189 412 1242 tatem
441 1179 565 1241 Palatini
600 1182 731 1242 nondum
762 1183 942 1241 correctoris
970 1199 1088 1241 manum
1118 1184 1197 1258 passi
1228 1184 1325 1243 reddit
1354 1185 1378 1244 V
1408 1181 1469 1244 299

324 1285 417 1344 lorma
443 1284 649 1358 Tepeoene,
680 1301 746 1342 cum
776 1285 806 1343 in
829 1283 994 1362 plerisque,
1026 1281 1055 1342 h.
1080 1301 1104 1342 o.
1130 1285 1160 1342 in
1184 1285 1367 1362 nesepha,
1400 1286 1469 1345 suh·

323 1387 422 1445 stituta
446 1385 629 1463 diphthongo
653 1383 738 1444 alteri
767 1387 805 1445 sit
834 1385 1013 1463 praepositio
1042 1386 1096 1453 de,·
1124 1386 1194 1444 item
1217 1394 1255 1445 ‘ut
1277 1386 1469 1464 llleuagianus

323 1487 405 1564 prior
426 1485 453 1544 X
474 1482 537 1545 432
560 1485 651 1545 verbo
674 1488 885 1546 addensent
915 1486 1095 1563 (addensent
1117 1485 1303 1564 snrenyue).
1363 1488 1469 1565 Negle·
1576 1521 1577 1548 t

322 1589 439 1664 gentiac
461 1585 575 1646 librarii
597 1586 696 1646 tribuo
721 1588 798 1664 quod
821 1588 892 1647 Aen.
918 1583 1050 1647 717587
1075 1597 1104 1646 et
1127 1589 1157 1646 in
1180 1586 1236 1646 hoc
1260 1590 1342 1648 etin
1366 1591 1471 1667 paucis

323 1689 387 1748 aliis
411 1706 500 1748 manu
522 1685 623 1766 prior'c
647 1690 774 1748 omissus
798 1697 851 1748 est.

406 1790 687 1865 Rottendorphr'unt'
709 1793 805 1865 primi
831 1788 1032 1850 memorabilis
1062 1787 1149 1849 lectio
1179 1799 1223 1851 est
1246 1794 1317 1850 Aen.
1343 1789 1469 1853 111553

322 1893 446 1952 Antont's
468 1909 522 1968 pro
547 1892 726 1951 Caulonis
749 1890 906 1970 (Meroe),
931 1907 1004 1966 quae
1027 1891 1154 1950 sortasse
1177 1891 1291 1970 Hygino
1315 1891 1470 1970 placuerat

323 1994 370 2072 (cl.
395 1993 534 2070 Servius).
622 1993 779 2052 Secundus
807 1994 878 2051 Aen.
908 1990 946 2050 lX
971 1988 1038 2066 Ι412
1067 1991 1148 2052 solus
1177 1992 1266 2053 habet
1292 1993 1373 2072 quod
1403 2013 1470 2053 scn-

322 2095 413 2154 teutia
437 2094 547 2170 flagitat
570 2097 715 2166 auersi,
740 2111 807 2152 cum
831 2093 923 2152 ceteri
946 2110 1058 2160 omnes,
1084 2093 1112 2152 h.
1130 2113 1155 2153 e.
1175 2096 1354 2172 MPRylreu'r,
1381 2097 1470 2154 ctiam

322 2196 434 2256 Nonius
463 2203 490 2256 et
514 2196 635 2255 Servius
665 2197 788 2254 aduersi
814 2195 934 2254 mutatis
964 2193 1076 2254 seilicet
1104 2194 1141 2254 ab
1168 2196 1319 2274 archetypi
1347 2196 1471 2256 librario

321 2297 428 2357 litteris
451 2298 474 2356 B
497 2304 526 2356 et
549 2297 572 2356 D
596 2297 835 2374 propagaverint.
924 2297 990 2356 Duo
1012 2315 1047 2356 cx
1071 2296 1118 2356 his
1141 2297 1273 2358 Palatino
1298 2297 1471 2357 adsentiunt

322 2395 514 2459 x11310de
537 2399 666 2475 genuina
688 2399 906 2457 conduntur
929 2398 1085 2475 scriptura,
1109 2397 1159 2458 ubi
1182 2401 1369 2458 clauduntur
1392 2398 1470 2475 glos-

322 2520 403 2561 sema
429 2501 461 2558 in
491 2500 612 2576 Menoe
640 2499 769 2577 irrepsit.
826 2498 1033 2558 Coniecturam
1068 2500 1157 2558 etiam
1185 2501 1215 2559 in
1243 2519 1264 2577 y
1290 2500 1469 2577 adscriptam
1578 2524 1579 2566 t

323 2620 389 2660 cum
417 2599 637 2660 Zulichemiano
666 2599 811 2676 praebent
841 2618 864 2658 v.
891 2595 952 2659 779
982 2600 1085 2676 ferro,
1121 2600 1170 2660 uhi
1199 2603 1296 2660 bello
1319 2601 1467 2678 MPythc.
1578 2681 1579 2684 Ἴ

325 2703 444 2762 Tertius
466 2719 531 2760 oum
556 2699 757 2761 Montalbanio
781 2701 905 2778 aliisque
928 2708 1010 2760 recte
1034 2703 1160 2761 servavit
1181 2704 1253 2762 Aen.
1277 2703 1300 2762 V
1322 2698 1388 2762 522
1410 2720 1469 2762 su-

323 2805 449 2871 bitum,
474 2802 524 2862 uhi
546 2803 641 2864 subdo
663 2803 844 2880 MPByhed.
1174 2869 1180 2878 ,

407 2905 451 2964 Ex
473 2904 667 2964 Leidensilrus
689 2904 740 2962 uni
763 2903 888 2963 debetur
916 2905 1107 2965 subnexus
1134 2908 1205 2965 den.
1232 2903 1281 2963 llll
1304 2901 1367 2964 217
1394 2905 1469 2982 (sath-

323 3009 414 3066 nixus
437 3006 612 3083 MPyebed,
636 3004 749 3064 Nonius
772 3014 802 3064 et
824 3005 963 3084 Servius).
1014 3006 1086 3066 Cum
1109 3005 1260 3065 Moretano
1285 3006 1382 3084 primo
1406 3005 1470 3064 Lei·

324 3107 424 3167 densis
448 3113 548 3166 tuetur
562 3111 634 3168 Aen.
659 3101 755 3164 1224
778 3102 1087 3188 dispicienssunon
1111 3109 1243 3184 ignotum
1266 3105 1338 3165 illud
1355 3107 1468 3172 Servio.

324 3208 401 3285 quod
425 3210 517 3268 ceteri
540 3226 653 3277 omnes
678 3207 852 3284 hunroco
876 3215 905 3266 et
927 3209 1110 3285 grammatici
1133 3209 1163 3266 in
1187 3210 1358 3283 despiciens
1374 3216 1468 3266 muta-

326 3317 439 3370 verunt.
487 3310 527 3369 lle
547 3315 642 3386 (loros
665 3310 813 3386 scriptura
835 3309 888 3368 Xll
911 3305 973 3370 605
996 3327 1085 3388 supra
1108 3307 1228 3369 dictum.

407 3413 451 3472 Ex
480 3413 673 3485 Menapianr's
705 3410 821 3469 dnobus
860 3413 987 3470 alterum
1026 3410 1165 3470 Heinsius
1198 3411 1234 3470 ad
1264 3410 1336 3470 Aen.
1362 3409 1386 3467 V
1408 3405 1472 3468 620

324 3511 396 3571 dicit
418 3513 595 3572 recentioris
618 3518 714 3580 notae,
738 3515 830 3586 prior
851 3530 938 3590 quam
963 3519 1044 3571 vetus
1067 3514 1187 3572 sitnon
1217 3512 1347 3590 repperi.
1400 3511 1468 3569 Ser·

325 3614 401 3672 vavit
423 3612 472 3672 hic
496 3612 577 3672 solus
599 3614 750 3691 antiquam
774 3615 899 3673 lormam
922 3615 1011 3674 exul
1018 3615 1030 3672 τ’
1036 3621 1047 3672 t
1074 3631 1119 3689 ge.
1144 3611 1269 3674 111433
1292 3620 1466 3689 corruptam

324 3716 353 3773 in
378 3715 414 3772 M
435 3714 509 3772 lacta
532 3713 556 3773 Τ
579 3732 635 3791 pro
659 3713 679 3773 S
701 3715 732 3773 in
754 3716 874 3782 extulit,
902 3713 1022 3794 novicia
1044 3717 1145 3775 exsilit
1174 3712 1218 3774 vel
1245 3715 1333 3774 exilit
1364 3714 1392 3771 in
1418 3713 1470 3770 PB

324 3821 483 3883 mutatam,
513 3815 591 3874 unde
614 3817 644 3875 in
667 3815 845 3892 ydrontum
867 3818 950 3876 carlet.
1000 3816 1077 3892 Ergo
1106 3815 1267 3876 notandum
1290 3821 1373 3873 certe
1396 3815 1468 3872 Aen.

325 3915 363 3976 lll
381 3913 440 3975 167
456 3917 541 3995 haec,
566 3916 617 3977 ubi
631 3919 690 3977 hae
704 3919 857 3996 FMPybc.
893 3917 930 3976 Et
947 3916 1111 3996 pulchrius,
1135 3919 1160 3976 si
1182 3915 1252 3996 quid
1275 3917 1380 3983 sentio,
1397 3914 1468 3973 Aen.

324 4013 434 4078 x908
457 4019 618 4079 Mezentius
640 4037 747 4079 caesus
770 4037 829 4078 non
852 4020 882 4079 in
904 4036 1006 4092 arnan,
1037 4026 1069 4077 ut
1092 4017 1201 4078 habent
1224 4017 1387 4093 Menoec,
1419 4013 1469 4074 sed

325 4121 355 4178 in
378 4136 454 4180 orno
474 4119 641 4180 diffundere
663 4122 790 4181 animam
815 4129 960 4181 narratur.
1054 4118 1231 4196 Ambiguum
1261 4125 1344 4178 certe
1370 4125 1468 4175 utrum

326 4224 395 4280 Aen.
419 4216 654 4281 1111594utd0
679 4221 886 4281 exclamaverit
909 4224 978 4280 dete
1005 4223 1079 4288 telo,
1111 4229 1143 4279 ut
1170 4220 1305 4299 plerique
1329 4219 1469 4296 (Meyoc)

325 4331 463 4382 auctores
486 4331 565 4390 sunt,
590 4340 627 4382 an
650 4323 739 4382 ‘date
760 4326 860 4392 oeto',
885 4331 917 4382 ut
939 4332 1057 4401 praeter
1081 4321 1192 4400 llcnag.
1217 4340 1261 4402 pr.
1287 4318 1403 4380 Claudii
1420 4318 1470 4377 Sa·

326 4422 454 4483 cerdotis
478 4421 553 4480 liber
577 4434 605 4483 et
621 4423 725 4484 donati
742 4425 894 4484 Parisinus
918 4432 947 4483 et
962 4423 1105 4484 Prisciani
1129 4423 1272 4502 quaedam
1290 4418 1471 4498 exemplaria
