3230 5046
620 416 863 462 Peouauorauue.
1245 393 1315 461 '205

46 608 54 620 ·
161 585 257 646 nibus
288 593 349 646 est:
385 603 452 645 nam
487 582 633 663 duplicem
663 585 842 662 scripturam
873 582 992 644 tradidit
1014 581 1252 647 vindobonensis
1280 581 1316 640 do

173 688 295 748 nomine
319 694 348 747 et
370 705 455 766 pron.
479 687 689 763 grammaticus
711 691 740 764 p'.
767 681 828 746 135
850 684 882 746 E.

254 789 312 850 Sed
336 788 445 869 quide
468 787 581 848 ultimis
604 786 724 866 syllabis
747 789 869 866 scripsit
890 793 1015 846 testatur
1037 784 1119 846 solus
1143 783 1196 844 ecl.
1220 781 1315 845 11112

168 893 348 967 Daphnidos
378 891 521 968 scriptum
557 908 623 948 csse
655 889 760 950 eodem
793 888 912 968 quidem
945 887 1012 948 loco
1046 884 1084 966 (p.
1110 883 1181 956 228,
1204 883 1314 966 2311.)

168 1013 226 1072 qrro
250 995 351 1054 Panos
373 993 542 1070 genetivum
558 991 630 1052 Aen.
654 987 805 1051 11111344
827 1008 974 1052 consensu
996 988 1141 1050 librorum
1165 997 1194 1049 et
1216 1007 1314 1066 gram·

88 1081 90 1084 ⁵
168 1096 344 1156 malleorum
366 1101 500 1155 veterum
524 1094 730 1154 confirmatum
754 1099 976 1162 commemorat,
999 1098 1113 1152 utnon
1136 1092 1315 1151 temerarius

167 1196 323 1258 habendus
351 1197 391 1257 sit
418 1197 469 1272 qui
496 1195 569 1255 illud
599 1213 716 1275 quoque
743 1194 789 1256 vel
816 1193 994 1274 posthabitis
1023 1193 1175 1254 codicibus
1203 1194 1315 1258 uostris

166 1299 307 1359 omnibus
328 1300 359 1358 in
382 1305 496 1358 textum
518 1299 636 1358 inierat.

252 1400 285 1461 ln
308 1403 386 1460 Pet
406 1399 622 1460 recentioribus
645 1399 819 1476 quibusdam
848 1398 934 1459 libris
962 1398 1054 1469 redit,
1084 1396 1162 1477 quod
1191 1415 1218 1475 p.
1243 1393 1313 1465 237,

166 1499 245 1564 511.
272 1521 308 1562 ex
324 1501 395 1562 Aen.
419 1502 458 1562 lll
483 1499 515 1562 11
545 1501 678 1562 adfertur
701 1517 817 1576 monus,
843 1519 903 1561 non
918 1517 1047 1568 monum,
1071 1498 1123 1559 sed
1146 1497 1218 1558 illud
1241 1517 1314 1577 quo·

167 1603 256 1664 modo
280 1615 378 1664 ortum
395 1605 433 1663 sit
453 1605 518 1682 ipsc
541 1609 688 1688 monstrat
701 1603 862 1692 Palatinus,
886 1604 917 1662 in
942 1620 1000 1679 quo
1025 1619 1092 1662 cum
1108 1619 1197 1660 manu
1212 1601 1313 1678 priore

168 1703 493 1767 MANVSOLLECTOS
517 1705 656 1773 extiterit,
680 1705 778 1764 luerat
799 1705 830 1763 in
852 1704 940 1764 buius
963 1703 1123 1783 archetypo
1145 1701 1233 1781 paulo
1255 1702 1315 1761 lor·

167 1815 248 1868 tasse
277 1806 483 1886 neglegentius
517 1808 560 1866 sic
589 1813 742 1866 exaratum
770 1796 1099 1866 nlniuuttuurus.
1157 1803 1314 1863 Commen-

169 1908 249 1968 davit
272 1909 393 1969 Servius
415 1926 474 1968 non
498 1909 563 1968 sine
585 1909 686 1987 specie
708 1907 786 1986 quod
808 1926 838 1985 p.
861 1903 934 1976 233,
957 1903 1000 1966 25
1022 1905 1056 1965 K.
1080 1908 1203 1966 ueniunt
1231 1907 1312 1979 (Aen,
1380 1985 1385 1990 ,

167 2007 286 2088 v1198)
310 2010 448 2070 laudatur
471 2029 525 2088 pro
549 2028 584 2070 eo
607 2009 685 2088 quod
708 2010 738 2068 in
761 2009 871 2068 nostris
895 2009 1015 2085 optimis
1038 2014 1084 2068 est
1105 2010 1239 2076 cenicum
1262 2005 1313 2066 sed

167 2117 265 2190 potest
286 2112 343 2172 hoc
367 2130 383 2172 a
408 2117 642 2172 commentatore
664 2109 762 2188 aliquo
785 2109 894 2170 iactum
919 2127 993 2169 csse.

258 2213 310 2274 Vel
333 2215 495 2274 memoriae
518 2213 603 2292 lapsu
625 2213 671 2272 vel
694 2223 728 2272 ex
752 2210 930 2290 interpolato
945 2210 1047 2270 codice
1063 2217 1126 2270 orta
1143 2218 1212 2270 sunt
1226 2208 1315 2270 haec:

209 2317 239 2376 in
263 2317 359 2377 Probi
379 2317 429 2395 qui
452 2315 560 2375 dicitur
583 2317 621 2375 cie
642 2317 759 2374 nomine
781 2321 949 2374 commento

273 2438 302 2496 p.
326 2415 399 2488 213,
423 2414 464 2478 23
487 2417 522 2476 Κ.
546 2419 668 2478 tremuit
689 2434 745 2495 pro
765 2419 879 2491 gemuit
914 2417 986 2476 Aen.
1011 2411 1133 2475 V1413

202 2581 205 2588 ,
285 2552 296 2563 -
327 2515 399 2589 210,
423 2514 465 2577 22
501 2551 512 2562 -
545 2535 619 2580 acuo
640 2537 696 2596 pro
720 2520 791 2578 orbe
826 2516 897 2578 Aen.
921 2512 1042 2578 111745

207 2621 239 2680 in
262 2619 339 2680 libro
362 2623 400 2681 de
422 2623 535 2682 ultimis
556 2622 679 2697 syllabis

274 2741 304 2802 p.
327 2719 399 2794 255,
424 2719 466 2784 23
488 2740 635 2799 responsa
656 2741 712 2802 pro
729 2729 901 2799 praccepta
936 2739 982 2800 ge.
1006 2717 1137 2782 1111398
1160 2719 1226 2782 coll.
1242 2719 1312 2780 Phi·

488 2824 617 2905 largyrio

285 2957 297 2970 ·
328 2922 402 2998 254,
426 2921 468 2986 29
490 2943 666 2987 conversum
689 2945 709 2987 a
730 2929 843 2988 lumine
868 2944 924 3005 pro
952 2911 1096 2986 incendia
1118 2941 1196 2985 cona
1239 2927 1312 2986 Aen.

402 3023 873 3107 .fflffiffifflw

281 3161 293 3172 ·
327 3126 400 3200 262,
423 3126 465 3191 30
488 3133 557 3190 aitis
579 3148 635 3208 pro
657 3133 777 3190 summis
811 3131 884 3190 Aen.
908 3125 1017 3188 11766
1334 3188 1336 3198 ,

281 3263 293 3276 -
324 3227 396 3302 235,
419 3227 459 3292 21
483 3235 544 3293 siue
565 3248 662 3293 meum
683 3249 739 3310 pro
763 3230 809 3291 his
830 3239 860 3291 ct
881 3249 927 3291 me
948 3247 1001 3290 scu
1041 3231 1112 3290 Aen,
1136 3228 1189 3289 Xll
1211 3225 1283 3290 935.

251 3333 409 3394 Charisius
439 3335 631 3410 quam'totus
654 3333 717 3393 iere
740 3333 868 3411 pendeat
890 3350 927 3392 ex
948 3330 1015 3392 lulii
1036 3330 1176 3400 Romani,
1211 3330 1310 3391 Palae·

162 3436 273 3504 monis,
296 3434 464 3496 Geminiani
487 3436 712 3496 commentariis
736 3436 807 3495 satis
830 3434 866 3494 ab
882 3433 917 3493 H.
942 3432 1039 3495 Kellia
1062 3440 1093 3493 et
1114 3431 1311 3493 Scirottmuel·

163 3537 231 3597 lero
266 3535 314 3615 (dc
337 3537 368 3598 C.
391 3536 481 3598 Plinii
503 3537 633 3598 Secundi
667 3535 752 3598 libris
784 3533 992 3614 grammaticis)
1027 3541 1223 3596 monstratum
1258 3545 1310 3604 est,

162 3637 276 3699 eisdem
300 3646 399 3699 autem
422 3657 528 3718 magna
552 3658 586 3699 ex
609 3645 695 3719 parte
717 3638 849 3699 lontibus
871 3656 957 3698 usum
981 3655 1046 3698 esse
1061 3638 1233 3698 Diomedem
1256 3636 1309 3696 do·

161 3742 224 3801 cuit
245 3739 325 3800 idem
347 3740 469 3802 lleilius.
515 3741 618 3820 ltaque
641 3759 657 3800 a
678 3740 718 3800 lll
739 3742 810 3801 viris
833 3739 891 3800 illis
914 3738 1006 3799 multa
1028 3757 1105 3819 quac
1128 3738 1164 3798 de
1187 3738 1311 3816 Vergilii

161 3848 248 3904 textu
270 3843 433 3902 memoriae
455 3841 652 3912 tradiderunt,
676 3843 768 3902 immo
792 3843 878 3902 etiam
902 3839 1006 3901 altiore
1029 3859 1065 3901 ex
1078 3841 1202 3918 urigine
1222 3858 1309 3919 repe·

162 3944 261 4014 tenda,
278 3962 456 4024 quamquam
471 3943 519 4004 bic
540 3944 668 4004 maxime
682 3943 845 4004 tenendum
863 3950 908 4003 est
921 3943 1065 4020 quaedam
1080 3943 1310 4003 intermiscuisse

159 4049 243 4126 ipsos
266 4046 490 4126 compilatores,
521 4045 630 4122 quibus
659 4046 805 4106 tritissimi
833 4052 939 4122 poetae
962 4045 1092 4106 carmina
1114 4046 1145 4106 in
1167 4047 1311 4105 memoria

159 4149 253 4210 luisse
276 4155 519 4210 consentaneum.

247 4251 288 4312 Ac
323 4252 359 4312 de
388 4249 476 4312 Plinii
503 4247 589 4312 libris
617 4250 831 4328 grammaticis,
866 4268 941 4329 quos
969 4248 1061 4308 lulius
1082 4247 1233 4308 Romanus
1258 4266 1308 4308 ex·

162 4354 282 4432 cerpsit,
307 4360 336 4414 et
358 4353 395 4413 de
413 4350 504 4414 Probi
526 4352 747 4413 commentariis
767 4368 785 4411 a
807 4349 949 4412 Diomede
972 4349 1111 4411 adhibitis
1133 4368 1222 4429 supra
1245 4367 1308 4409 mo·

158 4456 263 4516 nitum.
