3276 5050
492 414 495 422 ¹
613 404 867 448 productorum..
1249 379 1310 444 159

590 573 740 635 Volcentis
763 571 870 634 caedes
892 572 973 632 finita
995 573 1067 632 Aen.
1091 570 1131 631 IX
1152 567 1217 631 424

529 726 531 730 .
591 677 691 737 limtur
714 674 865 753 catalogus
887 674 1054 734 Tuscorum
1077 674 1148 734 Aen.
1173 671 1200 740 X
1221 669 1284 733 213

589 780 694 858 incipit
716 776 882 838 LaridIset
903 775 1047 857 Thymbri
1068 774 1177 836 caedes
1198 775 1310 837 AenX

591 983 696 1062 incipit
718 967 807 1044 lausi
829 982 921 1042 virtus
942 981 1014 1041 Aen.
1038 979 1065 1040 X
1085 976 1149 1042 426

589 1101 706 1164 pugnae
730 1084 889 1145 discrimen
912 1084 984 1144 Aen.
1008 1081 1047 1142 IX
1068 1074 1144 1144 515

211 1205 262 1258 s'
285 1191 377 1252 turris
399 1190 520 1249 incensa
543 1189 615 1248 Aen.
639 1183 777 1250 1111672
881 1257 884 1261 ,

206 1325 257 1338 -
279 1311 400 1373 suprep.
591 1290 696 1369 incipit
718 1289 756 1349 de
777 1287 900 1349 Illraebo
922 1285 1005 1348 locus
1026 1289 1098 1348 Aen.
1123 1286 1149 1346 X
1172 1281 1233 1347 858

594 1399 722 1452 matrum
744 1409 852 1472 pompa
1058 1422 1070 1435 ·
1124 1389 1164 1449 XI
1185 1386 1247 1450 411

592 1493 755 1556 discrimen
770 1493 832 1555 Nisi
848 1500 877 1554 et
890 1490 1009 1572 Euryali
1058 1524 1070 1537 ·
1124 1491 1163 1552 IX
1185 1488 1247 1552 371

592 1595 710 1657 advenit
731 1596 846 1656 Aeneas
1055 1623 1067 1636 ·
1138 1588 1250 1654 11260

591 1716 665 1758 nova
689 1697 725 1758 de
747 1697 851 1758 Turno
874 1697 1004 1757 narratio
1054 1707 1092 1740 -“
1146 1727 1158 1741 ·
1185 1691 1249 1756 216

591 1800 690 1860 finitus
713 1799 750 1860 de
772 1799 906 1860 Pandaro
931 1805 961 1858 et
975 1797 1049 1858 Bitia
1072 1795 1156 1858 locus
1178 1798 1249 1859 Aen.
1273 1798 1310 1860 IX

594 2003 774 2064 describitur
796 2003 907 2065 Allecto
930 2004 1002 2064 Aen.
1025 2002 1076 2063 VH
1097 1997 1164 2064 328

592 2107 735 2185 temporis
758 2107 870 2166 notatio
892 2107 965 2166 Aen.
988 2104 1029 2164 XI
1051 2100 1115 2164 210

593 2214 747 2268 armantur
769 2208 861 2269 Dares
885 2215 914 2268 et
933 2205 1068 2268 Entellus
1091 2208 1162 2266 den.
1185 2205 1209 2267 V
1230 2202 1294 2266 424

495 2313 568 2371 item
605 2309 642 2370 de
678 2317 777 2370 terrae
815 2325 957 2389 compage
995 2327 1103 2369 novum
1141 2314 1230 2388 caput
1266 2327 1312 2388 ge.

572 2445 575 2456 =
655 2411 682 2472 II
710 2407 773 2472 226

164 2519 393 2596 IlistInguuntur
408 2517 562 2594 imagines,
588 2507 697 2593 duihus
720 2515 858 2577 notandis
880 2516 910 2574 iu
934 2513 1046 2576 Veneto
1068 2514 1190 2575 Homeri
1213 2513 1314 2576 codice

168 2621 330 2680 asteriscus
359 2616 516 2680 adhibetur
545 2615 592 2696 (cl.
617 2615 647 2678 C.
671 2616 864 2700 Waclrsmuth
893 2635 968 2678 mus.
993 2617 1088 2678 Rhen.
1116 2615 1208 2677 XVIII
1232 2613 1313 2693 181),

165 2723 199 2781 in
222 2721 445 2783 vindobonensi
474 2718 539 2780 eod.
569 2719 685 2781 CXVIII
713 2718 835 2798 Vergilii
860 2705 897 2782 2³0³
927 2720 955 2800 (1.
986 2738 1011 2780 e.
1041 2717 1232 2800 comparatio)
1263 2719 1314 2780 ad·

166 2809 313 2903 scriptum
343 2829 388 2884 est
416 2829 491 2882 teste
519 2822 552 2882 E.
577 2821 754 2896 Hoffmanno
782 2823 813 2882 iu
842 2821 958 2900 ephem.
988 2840 1087 2903 gymn.
1111 2829 1207 2884 Austr.
1232 2818 1315 2884 1865

163 2945 192 3006 p.
209 2921 283 3003 480)
307 2927 338 2986 in
362 2926 398 2986 M
419 2927 475 2986 sic:

441 3022 442 3025 ’
519 3027 663 3088 e-Aen.
687 3025 724 3085 IX
748 3021 812 3086 339
837 3025 869 3087 X
893 3023 955 3088 356

518 3161 570 3173 -
590 3130 663 3189 Aen.
686 3126 726 3188 IX
748 3123 810 3188 668

165 3265 248 3326 quta
270 3266 365 3343 posita
388 3263 495 3325 lineola
517 3271 599 3326 recta

517 3382 783 3462 -distinguitur
811 3382 952 3444 Pallantis
976 3343 1017 3444 ¹et
1037 3384 1127 3446 Lausi
1161 3391 1312 3446 certamen

656 3487 727 3546 Aen.
752 3485 778 3548 X
799 3483 873 3548 434.

251 3639 330 3702 Raro
359 3639 509 3700 deerravit
537 3637 703 3700 diorthotae
731 3658 838 3701 manus
865 3639 901 3700 ad
929 3641 1058 3700 vicinum
1081 3659 1214 3709 versum:
1243 3659 1311 3700 nam

164 3744 273 3823 Incipit
296 3742 498 3824 Cymodoceae
525 3742 620 3801 oratio
643 3742 715 3802 den.
738 3741 778 3802 IX
799 3738 876 3812 228,
904 3740 956 3803 sed
984 3744 1082 3804 versui
1109 3743 1228 3803 demum
1249 3739 1314 3804 280

163 3845 351 3926 superposita
375 3878 426 3903 e-
447 3851 532 3913 nota,
561 3844 633 3903 item
662 3843 698 3903 ad
726 3839 836 3904 11442
865 3862 995 3923 superne
1024 3844 1177 3925 adpositus
1205 3844 1312 3905 ductus
1442 3890 1443 3893 ,

162 3981 227 4018 -‚
252 3966 319 4008 cum
337 3947 433 4008 Turni
455 3947 549 4007 oratlo
573 3964 587 4006 a
610 3964 636 4004 v.
653 3942 715 4005 441
739 3945 882 4016 ordiatur,
907 3954 936 4007 et
956 3948 1036 4007 iuxta
1060 3945 1210 4026 adpositus
1231 3945 1311 4007 idem

164 4048 200 4110 ad
223 4049 296 4110 den.
319 4049 346 4110 X
367 4045 445 4118 368,
476 4064 657 4129 quamquam
686 4055 828 4128 sequente
857 4048 977 4110 demum
999 4067 1088 4110 versu
1111 4047 1207 4110 Pallas
1230 4047 1311 4126 loqui

163 4151 276 4230 Incipit.
326 4151 387 4212 Nec
415 4149 472 4211 alia
501 4168 588 4212 causa
617 4150 734 4212 ridetur
763 4169 827 4212 esse
856 4150 934 4229 quod
962 4152 1034 4212 den.
1066 4151 1106 4212 IX
1131 4147 1190 4212 161
1220 4169 1308 4211 curva

163 4253 259 4332 posita
283 4258 340 4312 est:
368 4252 457 4332 paulo
481 4253 560 4312 enim
583 4260 665 4322 ante,
695 4271 721 4314 v.
748 4249 808 4314 158
831 4254 925 4314 Turni
952 4252 1042 4314 verba
1071 4253 1224 4314 liniuntur.
1274 4253 1311 4313 At

164 4352 281 4414 duobus
293 4352 367 4414 locis
390 4353 456 4416 talis
479 4356 631 4416 excusatio
647 4354 762 4416 delicit:
786 4357 857 4417 Aen.
874 4355 914 4416 IX
929 4351 992 4416 610
1014 4355 1054 4415 XI
1067 4351 1138 4424 883,
1161 4354 1212 4415 uhi
1227 4362 1309 4415 recta

164 4473 296 4535 superne
313 4457 409 4534 posita
429 4456 570 4537 adquam
590 4475 691 4517 rerum
712 4457 931 4518 distInotionem
947 4464 1061 4537 spectet
1087 4456 1205 4526 diificile
1228 4456 1308 4518 dictu
