3212 5042
313 407 354 471 21
765 423 1007 466 enuntiatarum.

314 598 368 659 ‘ad
392 602 558 660 corrrmenta
581 603 610 654 et
632 593 764 655 labrdas'
789 593 919 660 reterre,
949 591 1076 669 ‘quihus
1100 590 1221 668 l'ergilii
1249 610 1357 652 nomen
1387 599 1459 652 tern-

315 721 388 781 pore
410 701 482 761 satis
510 698 632 774 antiquo
661 695 807 757 cumulari
835 705 973 775 coeptum
1002 698 1075 754 estae’
1125 694 1199 754 Nam
1227 711 1302 770 quae
1328 693 1366 754 ad
1388 695 1459 754 heu.

315 803 363 864 l'll
387 799 450 863 740
471 803 502 861 iu
526 800 676 860 Servianis
699 797 823 859 scholiis
845 797 983 857 adnotata
1007 796 1148 874 leguntur
1176 799 1314 857 ‘moenio
1336 797 1462 858 Bellne:

316 903 399 966 urnlti
422 905 532 965 ,l'olum
555 900 657 962 volunt
683 899 816 978 intellegi
844 908 874 960 et
904 899 1007 960 dicunt
1033 901 1142 960 iratum
1165 897 1324 976 Vergilium
1354 917 1462 960 nornen

316 1009 379 1068 cius
401 1015 534 1066 mutasse
555 1011 679 1084 propter
701 1003 758 1063 sibi
773 1011 913 1080 negatum
928 1001 1099 1080 hospitium,
1123 1011 1152 1062 et
1167 1001 1197 1060 id
1212 1009 1316 1080 aperte
1331 1000 1462 1062 noluisse

315 1109 430 1178 dicere,
466 1107 519 1168 sed
547 1105 705 1167 ostendere
739 1123 795 1183 per
822 1103 1024 1183 periphrasin.
1059 1122 1127 1164 naua
1161 1102 1220 1162 illic
1247 1104 1360 1164 Punica
1388 1102 1461 1164 mala

316 1219 488 1279 nascuntur,
512 1217 545 1269 ut
566 1227 646 1268 nuuc
668 1208 759 1268 Belin
781 1225 837 1285 pro
853 1207 933 1266 .t'otu
955 1207 1090 1284 posuerit
1099 1211 1119 1274 ',
1142 1205 1217 1266 haee
1238 1224 1321 1267 mera
1345 1208 1461 1268 coniec-

316 1321 381 1374 tura
410 1312 446 1374 ad
474 1309 639 1372 inauditum
672 1307 772 1368 Bnllac
801 1307 903 1387 oppidi
931 1327 1040 1368 nomen
1070 1307 1275 1386 explicandum
1313 1310 1463 1388 proposita

317 1433 383 1476 esse
405 1422 435 1474 et
455 1412 579 1473 ‘volunt
597 1409 748 1488 intellegl’
771 1404 891 1470 illud'et
906 1409 1031 1470 aliorum
1048 1427 1124 1488 quae
1140 1410 1379 1488 insequentibus
1402 1429 1462 1472 rne-

318 1523 473 1578 morantur
495 1515 651 1595 opiniones
666 1513 783 1580 docent,
807 1531 874 1572 cum
890 1515 984 1572 nostri
1001 1512 1058 1572 loci
1074 1511 1244 1572 difficultate
1259 1512 1339 1574 nulla
1356 1515 1465 1576 vanitas

319 1617 528 1682 lahellatorum
550 1617 670 1676 invitata
699 1617 746 1675 sit.
797 1615 873 1683 h'ec,
904 1633 1006 1674 rerum
1029 1623 1061 1673 ut
1082 1617 1191 1684 tamar,
1222 1616 1292 1674 satis
1313 1615 1463 1694 intellego,

320 1721 391 1800 quid
407 1729 466 1782 tam
488 1717 645 1779 ‘absurdi'
668 1719 740 1778 insit
753 1719 785 1778 in
801 1718 972 1776 narratione
988 1716 1129 1778 Gelliam.
1164 1717 1238 1778 Nam
1253 1718 1303 1796 qui
1326 1720 1465 1780 ‘secessu

318 1824 495 1903 Campaniae
510 1820 674 1902 plurimum
698 1824 850 1896 uteretur'
876 1826 963 1898 poeta
993 1819 1060 1898 (rita
1081 1837 1111 1896 p.
1134 1815 1186 1888 57,
1212 1815 1261 1898 15)
1290 1838 1351 1880 uon
1379 1822 1466 1900 inops

317 1915 428 2006 «ruique
450 1921 573 2003 Neapoli
600 1921 746 1982 scriberet
768 1923 923 2000 georgica,
952 1921 1055 1999 quidni
1078 1928 1108 1981 et
1130 1920 1226 1981 villam
1247 1922 1416 2000 possederit
1435 1925 1466 1984 in

318 2045 390 2108 agro
412 2025 526 2089 Nolano
550 2033 579 2086 et
601 2023 638 2085 de
660 2041 736 2104 aqua
758 2025 789 2084 iu
810 2042 863 2084 rus
886 2022 1175 2086 suumdeducenda
1201 2025 1300 2084 acrius
1327 2043 1396 2086 cum
1426 2026 1466 2086 vi-

319 2131 395 2193 cinis
419 2129 513 2208 egerit
536 2136 565 2190 et
587 2127 730 2188 offensam
752 2128 877 2206 poeticis
900 2127 990 2188 armis
1012 2125 1092 2186 ultus
1114 2126 1170 2186 sit?

405 2231 463 2294 Sed
479 2247 665 2310 quacumque
688 2236 843 2308 permotus
866 2236 912 2289 est
927 2247 1015 2289 causa
1030 2236 1065 2288 ut
1078 2227 1170 2289 Nolae
1186 2231 1362 2291 memoriam
1380 2231 1466 2292 oblit-

319 2319 447 2403 teraret',
479 2339 604 2394 testatur
628 2332 860 2392 commentarius
882 2329 933 2390 illc
954 2331 1085 2408 primum
1106 2339 1136 2391 et
1156 2334 1329 2393 recitauisse
1354 2341 1386 2394 et
1406 2337 1466 2396 edi-

319 2441 398 2500 disse
421 2433 582 2513 Vergilium
606 2435 723 2508 Nola,
746 2440 850 2512 postea
872 2439 1003 2494 mutasse
1024 2440 1115 2509 utque
1136 2436 1292 2510 reliquisse
1314 2437 1389 2497 er'e.
1433 2435 1468 2496 Et

319 2539 357 2602 de
380 2537 437 2600 hoo
460 2556 498 2598 ne
521 2535 634 2598 Gellius
664 2535 783 2614 quidem
813 2533 973 2604 dubitavit;
1003 2533 1148 2596 dubitavit
1178 2543 1291 2598 tanturn
1314 2536 1351 2596 de
1381 2557 1467 2600 causa

319 2641 503 2709 mutationis,
527 2656 614 2716 qnam
638 2637 718 2715 quod
741 2636 844 2698 maluit
859 2639 1001 2698 suavitate
1013 2621 1143 2715 'quadam
1159 2641 1263 2699 canori
1278 2639 1366 2701 simul
1381 2647 1469 2718 atque

319 2742 442 2806 iucundi
464 2741 563 2803 hiatus
585 2742 663 2802 inter
686 2748 846 2819 utrumque
869 2759 988 2801 versum
1011 2742 1099 2820 positi
1120 2743 1328 2821 interpretari,
1352 2742 1468 2804 ridetur

320 2829 391 2910 saue
414 2844 561 2924 argutari:
595 2861 663 2904 narn
687 2852 717 2902 et
739 2861 869 2903 conexos
893 2844 1042 2904 sententia
1065 2851 1095 2904 et
1117 2843 1273 2904 distinctos
1295 2845 1468 2924 interpunc-

321 2951 402 3010 tione
425 2965 528 3010 rersus
551 2943 694 3006 vocalium
717 2963 866 3006 concursu
889 2944 1092 3006 coalescentes
1114 2947 1145 3005 in
1167 2948 1313 3025 georgicis
1341 2954 1375 3007 ut
1402 2947 1467 3028 plu·

320 3053 413 3114 rimos
435 3049 578 3118 invenies,
602 3049 641 3108 ita
664 3047 811 3108 ‘canoro’
840 3047 891 3108 illo
915 3047 1060 3109 vocalium
1083 3067 1101 3108 o
1124 3051 1365 3126 concurrentium
1389 3048 1469 3110 hiatu

319 3161 407 3234 poeta
431 3153 539 3214 mirum
563 3151 593 3210 iu
617 3149 737 3211 modurn
762 3150 911 3220 abstinuit,
937 3152 987 3228 qui
1008 3151 1038 3210 in
1054 3159 1193 3230 quattuor
1208 3152 1369 3230 georgicon
1385 3150 1468 3212 lihris

322 3263 441 3336 praeter
463 3271 510 3333 ge.
535 3253 560 3313 ll
583 3250 646 3314 386
670 3251 803 3330 (soluto,
827 3256 972 3330 oraqbe’‚
1002 3250 1053 3312 ubi
1074 3253 1233 3314 intercedit
1254 3240 1467 3332 interpunctio)

320 3377 379 3419 non
403 3355 468 3438 plus
489 3355 548 3416 duo
572 3372 666 3433 eaque
688 3357 718 3415 in
742 3362 846 3435 quarto
875 3354 951 3416 libro
982 3353 1116 3434 exempla
1138 3374 1263 3436 prorsus
1287 3355 1392 3418 similla
1415 3377 1467 3438 po·

321 3459 428 3521 suerit:
451 3453 514 3518 217
538 3456 627 3517 ‘bello
642 3456 814 3527 obiectant’,
840 3463 868 3517 et
882 3453 945 3518 265
960 3456 1050 3518 ‘ultro
1067 3457 1259 3520 hortantem'.

404 3559 449 3622 llli
467 3566 566 3620 arrtern
580 3560 749 3620 testimonio
765 3558 835 3620 olim
848 3558 902 3620 alia
915 3578 974 3620 non
987 3562 1086 3621 miuus
1101 3569 1180 3622 certa
1197 3561 1291 3623 Servii
1307 3581 1341 3623 ac
1357 3562 1469 3624 Philar-

320 3664 395 3744 gyrii
407 3662 537 3732 adiunxi,
551 3679 626 3739 (puae
640 3680 694 3722 suo
705 3661 843 3741 quodque
855 3661 922 3722 loco
933 3664 964 3722 in
976 3665 1198 3725 commentariis
1210 3665 1319 3725 criticis
1330 3664 1468 3744 adposui:

320 3765 356 3826 ad
369 3783 415 3843 ge.
428 3763 439 3826 l
452 3761 481 3823 6.
498 3762 545 3824 13.
558 3761 609 3824 66.
623 3761 665 3824 69
678 3783 721 3842 sq.
746 3764 771 3824 ll
787 3760 850 3825 344
872 3764 924 3826 llll
949 3762 1018 3826 112.
1038 3762 1107 3826 141.
1121 3761 1193 3827 231.
1223 3766 1357 3828 Tradunt
1371 3774 1469 3828 autern

321 3866 404 3928 talia:
429 3865 614 3926 ‘emendavit
629 3867 710 3944 ipse;
736 3867 924 3928 emendatum
940 3869 1008 3936 tutu
1034 3869 1116 3948 prior
1132 3867 1235 3937 lectio;
1252 3869 1348 3947 ipsius
1363 3887 1467 3938 manu;

321 3969 415 4050 ipsius
438 3985 527 4028 manu
551 3967 662 4049 duplex
684 3968 741 4028 luit
756 3971 926 4050 scriptura:
951 3960 1046 4049 ipsius
1069 3989 1158 4031 manu
1182 3969 1345 4038 adiectum
1375 3973 1469 4051 ipsius

322 4089 412 4133 manu
437 4069 544 4130 adiecti
567 4068 672 4131 deletis
696 4069 841 4132 duobus)
886 4072 987 4153 Itaque
1010 4091 1048 4134 ne
1071 4072 1145 4134 haee
1169 4072 1288 4150 quidem
1312 4073 1411 4134 omnia
1433 4073 1469 4134 de

322 4171 453 4253 singulis¹
470 4171 592 4234 vocibus
615 4174 734 4234 mutatis
764 4171 805 4253 (nt
826 4178 954 4237 mccturis
974 4176 1085 4238 solibus
1106 4195 1162 4257 pro
1177 4175 1336 4254 frugibus,
1355 4179 1470 4238 luminu

321 4294 376 4354 pro
401 4277 534 4348 numine,
557 4293 663 4351 equom
685 4295 740 4354 pro
764 4293 884 4351 uquam,
910 4275 1101 4354 caloremque
1123 4296 1177 4356 pro
1200 4280 1353 4356 colorque,
1380 4281 1470 4354 pinus

321 4397 378 4458 pro
401 4381 490 4452 tinus,
511 4383 605 4453 stores
626 4396 680 4458 pro
699 4376 803 4456 fetus),
827 4378 879 4438 scd
902 4379 939 4439 de
961 4383 1031 4440 totis
1054 4379 1190 4442 versibus
1210 4378 1254 4440 vel
1272 4378 1468 4450 hemistichiis

321 4488 401 4541 certe
426 4479 642 4542 transformatis
665 4485 821 4540 testantur.
