3276 5050
636 395 882 440 rnoueoounun.
1274 363 1333 427 117

191 565 269 625 disse
292 571 322 626 ct
343 564 439 644 aliqua
462 567 541 627 iuter
564 573 813 627 commentatores
836 567 899 626 eius
922 565 1096 625 auctoritate
1112 563 1242 621 lructum
1258 575 1332 616 esse.

190 667 235 728 llli
258 674 356 728 autem
380 668 500 729 saeculo
523 667 596 730 tales
619 670 749 746 argutias
771 670 883 729 rectius
905 685 992 746 quam
1015 665 1140 744 Augusti
1162 658 1333 739 aequalibus

190 770 279 830 tribui
306 771 383 831 inira
418 770 581 832 elucebit'
612 771 750 832 Ceterum
786 771 858 832 alios
886 768 1034 832 Polliones
1067 765 1276 844 grammaticos
1304 771 1333 824 et

151 901 153 908 v
190 871 395 958 Tlrorbeclrius
419 883 447 933 et
470 873 707 934 Graelcnbanius
728 871 757 934 il.
781 871 811 932 ll.
835 871 1049 934 indicaverunt.

640 1053 654 1092 l

721 1106 796 1190 §a

272 1279 353 1340 luter
369 1281 514 1361 antiquos,
531 1281 581 1358 qui
597 1281 715 1360 scriptis
726 1279 888 1361 Vergilium
904 1286 1114 1348 tractaverunt,
1130 1283 1198 1358 post
1211 1277 1330 1338 Varium
1385 1267 1389 1275 ¹

187 1388 217 1442 ct
230 1383 389 1470 Asconium
414 1389 443 1442 et
463 1382 613 1444 Melissum
636 1390 666 1444 et
687 1383 903 1444 obtrectatores
925 1383 998 1444 istos
1021 1383 1136 1461 primus
1159 1398 1331 1441 memoran-

185 1483 241 1545 dus
264 1490 309 1544 est
332 1487 362 1546 C.
384 1485 482 1546 Iulius
497 1485 643 1564 Hyginus,
661 1487 784 1564 Augusti
805 1485 940 1554 libertus
953 1483 1211 1545 'familiarissimus
1227 1482 1330 1544 Ouidio

185 1595 290 1666 poetae
314 1593 343 1648 et
366 1585 467 1648 Clodio
489 1587 591 1650 Licino
614 1588 764 1649 consulari
786 1588 937 1658 historico,
961 1586 1110 1648 Palatinae
1133 1584 1330 1646 bibliothecae

184 1689 363 1774 praelectus,
388 1691 471 1750 cuius
493 1691 581 1752 vitam
605 1689 791 1752 adumbravit
807 1691 965 1752 Suetonius
988 1688 1025 1748 de
1040 1687 1082 1750 ill.
1099 1706 1143 1767 gr.
1160 1684 1210 1748 20.
1234 1688 1328 1760 Quem

185 1810 253 1853 cum
276 1789 437 1853 Columella
471 1791 508 1852 de
537 1810 569 1853 re
597 1801 671 1853 rust.
696 1792 707 1853 l
732 1791 759 1863 i,
785 1791 833 1863 13,
867 1793 918 1855 ubi
941 1791 1160 1871 agricolationis
1192 1798 1328 1852 auctores

185 1902 357 1963 enumerat,
393 1895 496 1972 {quasi
524 1895 745 1974 paedagogum'
769 1894 889 1974 Vergilii
912 1895 1004 1964 dicat,
1034 1895 1104 1955 satis
1133 1891 1328 1972 probabiliter

162 1982 164 1986 ’
184 1995 375 2079 bernhardus
398 1997 492 2058 Runte
516 1996 562 2076 (de
586 1997 617 2059 C.
642 1997 708 2058 lulii
731 1997 885 2078 Hygini..
910 1998 966 2056 rita
990 2003 1019 2056 et
1040 1996 1159 2074 scriptis
1181 2013 1209 2073 p.
1236 1992 1274 2054 11
1298 2005 1327 2056 et

182 2092 234 2175 54)
258 2099 384 2159 coniecit
407 2101 472 2160 eius
501 2098 538 2160 de
565 2117 600 2160 re
622 2101 731 2160 rustica
760 2105 793 2160 'et
822 2098 857 2159 de
888 2098 993 2178 apibus
1020 2097 1104 2158 libris
1126 2098 1156 2156 in
1179 2097 1327 2174 georgicis

140 2251 144 2262 .
183 2217 269 2259 usum
292 2219 358 2262 esse
381 2209 514 2279 poetam,
545 2201 634 2279 idque
657 2201 823 2280 significare
852 2200 967 2262 videtur
989 2197 1150 2262 Columella
1173 2197 1230 2258 alio
1253 2218 1325 2277 quo·

181 2317 240 2378 que
263 2300 328 2362 locu
352 2300 442 2363 1Χ2.
487 2303 519 2363 Iu
543 2304 672 2365 Aeneide
695 2303 839 2381 quaedam
864 2313 899 2364 etr
921 2303 1030 2383 Hygini
1052 2300 1089 2361 de
1111 2299 1229 2361 lamiliis
1251 2301 1325 2360 Tro-

181 2404 255 2463 ianis
279 2403 355 2464 libro
379 2403 481 2468 bansta
512 2424 576 2467 esse
605 2407 670 2486 ipse
694 2406 815 2468 Servius
838 2406 874 2466 ad
896 2407 966 2466 Aen.
991 2405 1014 2464 V
1036 2399 1099 2464 389
1122 2408 1247 2463 testatur
1269 2420 1325 2463 nec

181 2503 278 2565 obstat
300 2507 461 2586 quidquam
484 2510 555 2588 quin
578 2492 676 2577 etiam,
700 2526 775 2586 quae
798 2507 853 2568 ‘de
876 2506 1000 2568 urbibus
1016 2505 1141 2567 italicis’
1165 2503 1324 2566 Alexandri

181 2605 373 2686 Polyhistoris
396 2609 534 2670 alumnus
558 2611 739 2690 composuit,
768 2610 946 2688 aliquotiens
968 2609 1017 2670 illa
1041 2626 1160 2688 quoque
1183 2628 1198 2668 a
1221 2608 1323 2668 Servio

180 2707 310 2778 laudata,
340 2710 499 2788 Vergilium
521 2713 552 2772 in
575 2712 660 2774 libris
682 2715 809 2774 maxime
833 2713 881 2772 Vll
904 2720 933 2772 ct
956 2712 1020 2773 Vlll
1048 2709 1217 2772 scribendis
1239 2709 1321 2770 adbi-

181 2809 286 2872 buisse,
302 2801 492 2874 statuamus(
520 2813 612 2874 Huius
635 2817 725 2893 igitur
748 2815 824 2876 docti
855 2816 984 2876 auctoris
1014 2814 1263 2874 ‘commentarios
1290 2817 1321 2873 iu

184 2916 349 2988 Vergilium
368 2913 489 2987 factos'
517 2914 617 2976 laudat
640 2917 752 2979 Gellius
774 2914 863 2987 121,
894 2920 1062 2980 accuratius
1084 2922 1182 2977 autem
1205 2915 1268 2976 XVI
1290 2913 1319 2985 6,

179 3013 219 3076 14
241 3018 401 3093 ‘quartum
423 3019 568 3079 librorum
591 3037 664 3094 quos
679 3022 717 3080 de
739 3021 870 3095 Vergilio
888 3021 984 3095 fecit'
1008 3019 1147 3090 delinivit,
1171 3026 1203 3080 ut
1219 3021 1320 3095 quaeri

176 3121 270 3198 possit
292 3126 392 3180 utrum
416 3121 566 3189 continuo,
591 3139 678 3199 quem
695 3123 829 3194 dicimus,
855 3124 1067 3184 commentario
1083 3129 1259 3202 persecutus
1282 3123 1320 3182 sit

178 3227 290 3281 textum
314 3229 433 3300 poetae,
459 3241 496 3282 an
520 3221 690 3300 (quaesere
714 3226 812 3286 Buntii
835 3246 863 3306 p.
887 3222 929 3286 30
950 3226 1096 3291 sententia
1119 3226 1173 3303 est)
1205 3225 1316 3304 capitu·

177 3321 258 3382 latim
282 3322 413 3402 singulas
436 3326 624 3402 quaestiones
647 3327 815 3389 absolverit.
860 3331 933 3391 Nam
958 3347 1028 3390 casu
1043 3329 1152 3389 lactum
1176 3343 1242 3386 esse
1264 3344 1316 3405 po·

176 3430 236 3484 test
256 3431 289 3485 ut
311 3425 347 3486 de
370 3443 458 3487 versu
481 3445 516 3487 ex
546 3437 651 3504 quarto
674 3430 820 3491 Aeneidos
847 3430 923 3492 libro
945 3427 1015 3508 57,Ι
1033 3429 1084 3491 ubi
1113 3447 1188 3508 quae
1217 3439 1318 3490 essent

174 3527 307 3588 bidentes
330 3523 438 3598 docuit,
462 3530 581 3608 inipso
605 3551 725 3594 suorum
750 3533 787 3594 de
809 3532 939 3612 Vergilio
962 3531 1106 3594 librorum
1130 3525 1234 3610 quarto
1257 3531 1315 3593 dis·

175 3636 291 3690 sereret
320 3629 424 3708 (Gellio
447 3630 512 3692 XVI
534 3629 562 3702 6,
589 3630 628 3694 14
650 3639 751 3715 teste),
781 3644 868 3714 atque
892 3637 1028 3713 quintum
1051 3635 1130 3694 bunc
1159 3644 1316 3696 numerant

176 3731 319 3792 Macrobii
335 3731 395 3793 Sat.
420 3733 457 3793 Vl
480 3730 500 3794 9
523 3734 650 3796 codices.
694 3736 756 3798 Alia
779 3745 878 3798 autem
901 3740 1069 3800 testimonia
1092 3736 1207 3798 desunt.

258 3833 319 3894 Nec
334 3835 365 3894 in
381 3835 511 3896 Aeneide
526 3843 649 3908 tantum,
674 3840 771 3900 sedin
795 3841 945 3920 georgicis
964 3857 1081 3921 quoque
1104 3848 1235 3900 versatus
1259 3848 1312 3908 est,

175 3951 210 3992 cx
226 3933 340 4010 quibus,
351 3955 440 3998 unam
456 3945 537 3999 certe
553 3958 655 4001 vocem
672 3944 791 4020 egregie
807 3943 843 4004 ab
859 3963 894 4004 eo
911 3943 1096 4004 emendatam
1113 3963 1178 4005 esse
1193 3946 1312 4006 scimus.

175 4033 311 4114 lnspecto
328 4039 406 4099 enim
421 4039 508 4116 libro,
533 4059 621 4120 quem
644 4045 736 4106 luisse
759 4049 811 4106 ‘ex
834 4045 923 4108 domo
946 4053 1034 4124 atque
1058 4067 1091 4108 ex
1116 4047 1224 4111 iamilia
1240 4050 1312 4109 Ver·

173 4135 252 4214 gilii’
276 4137 472 4214 adseveravit,
502 4143 640 4208 relietum
668 4166 684 4208 a
712 4156 799 4228 poeta
828 4165 874 4227 ge.
898 4147 1007 4211 11247
1036 4167 1162 4214 amaror
1190 4153 1310 4224 invenit,
1394 4204 1399 4213 .

172 4237 252 4318 quod
274 4239 304 4299 in
329 4241 460 4322 vulgatae
483 4263 592 4309 amoro
614 4251 779 4330 scripturae
801 4251 867 4313 loco
894 4254 1100 4333 reponendum
1129 4273 1195 4317 esse
1223 4257 1311 4318 etiam

172 4339 237 4400 aliis
260 4339 355 4404 doctis
378 4348 447 4408 viris
469 4349 681 4428 comprobavit.
713 4352 850 4414 Ceterum
866 4355 953 4418 Gellii
968 4357 1220 4427 consuetudinem,
1238 4379 1309 4439 qua·

172 4441 229 4504 lem
263 4463 359 4526 nuper
393 4455 422 4508 et
449 4449 629 4514 llcrcklinus
662 4455 769 4518 annali.
802 4455 915 4536 pbiloll.
947 4459 1043 4540 suppl.
1072 4461 1111 4521 lll
1138 4456 1253 4522 iasub
1282 4468 1310 4521 ct
