3276 5050
617 425 861 471 Puouueovuuut.
1269 401 1310 470 75

166 596 382 659 versiculorum
406 591 574 658 128-130
597 603 697 656 ternas
719 597 883 657 sententias
905 593 1168 675 complectentium
1191 596 1309 656 eeulov·

165 702 254 760 mitas
277 697 461 779 displicebat.
493 697 550 759 Sed
575 717 640 758 eam
663 697 789 760 sortasse
811 699 907 777 ipsam
930 703 1017 778 poeta
1040 697 1236 758 adiectavemt
1261 697 1310 778 (cf.

166 799 231 864 290
254 821 297 881 sq.
322 801 347 862 ll
369 797 504 882 24-26)
528 819 584 860 nec
612 799 805 860 dubitandum
834 801 907 878 quin
934 799 1065 878 intellegi
1093 799 1217 862 voluerit
1245 819 1310 862 sur·

167 905 283 966 rexisse
305 913 426 965 ventum
449 905 548 964 statim
570 901 621 962 uhi
643 901 796 980 liquerunt
822 907 942 980 portum
969 901 1135 981 pelagoque
1162 902 1308 963 volarunt.

240 1005 476 1087 inpeditissimus
488 1011 533 1065 est
544 1002 963 1084 deScyllaetCharpbdilocus
973 1000 1137 1085 (684sqq.),
1147 1005 1312 1084 quidignus

168 1109 299 1185 Vergilio
322 1107 426 1170 haberi
447 1126 507 1168 non
528 1113 641 1186 potest,
673 1107 731 1166 nisi
753 1105 918 1186 simplicem
946 1123 1103 1168 acueram
1132 1109 1311 1168 sententiam

166 1211 255 1273 claris
286 1211 461 1287 usitatisque
483 1208 582 1271 verbis
611 1225 782 1288 expressam
811 1207 919 1270 elicere
947 1210 1114 1286 contigerit.
1159 1209 1252 1288 Igitur
1280 1217 1313 1270 ut

167 1315 206 1374 de
228 1313 326 1374 verbis
348 1314 479 1392 primum
503 1311 608 1382 dicam,
640 1312 735 1372 ‘iussa
756 1317 875 1372 monent
896 1310 1021 1371 Heleni’
1044 1329 1112 1371 cum
1135 1313 1308 1372 accusativis

168 1415 313 1496 ‘Scyllam
337 1422 426 1494 atque
448 1412 634 1495 Charybdin'
659 1415 798 1492 coniungi
820 1431 879 1473 nou
901 1419 1042 1492 possunt:
1068 1421 1191 1474 monent
1214 1415 1310 1474 socies

167 1522 206 1580 dc
228 1519 368 1578 monstris
390 1517 447 1577 illis
469 1515 515 1577 vel
537 1522 659 1577 monent
681 1518 793 1577 instare
815 1513 860 1574 vel
877 1533 982 1577 cavere
998 1521 1154 1596 utramque
1177 1525 1310 1580 mouent.

168 1622 215 1684 Ne
237 1619 330 1682 multo
352 1618 468 1680 iacilius
490 1618 610 1696 quidem
640 1619 763 1682 ‘eunius
791 1621 928 1678 monete'
953 1617 1003 1678 Vll
1025 1613 1101 1694 641ι
1116 1616 1204 1678 libris
1232 1637 1313 1679 eom·

167 1723 337 1784 mendatur.
383 1721 467 1793 Quod
491 1727 590 1781 autem
612 1721 643 1781 in
666 1726 768 1781 nostro
796 1719 873 1780 libro
901 1719 989 1799 paulo
1017 1726 1085 1799 pest
1107 1737 1132 1778 v.
1158 1717 1314 1798 7121181-

167 1843 236 1886 mus
268 1816 354 1884 ‘cum
382 1823 473 1884 multa
501 1821 651 1883 horrenda
680 1826 834 1882 moueret’
869 1829 939 1883 uota
968 1830 1012 1883 est
1034 1823 1171 1884 neutrius
1195 1824 1314 1900 generis

167 1927 295 1987 licentia.
341 1925 402 1987 Nec
425 1942 500 2002 quos
523 1943 559 1985 ex
580 1923 855 2004 Rottendorphiano
878 1923 1008 1985 secundo
1031 1923 1244 2005 Peerlkampus
1266 1943 1314 2014 re·

169 2030 248 2108 cepit
276 2029 404 2106 genetivi
432 2025 563 2106 ‘Scyllae
591 2033 678 2106 atque
706 2027 885 2106 Clearybdis’
921 2025 970 2086 bic
1002 2034 1085 2088 recte
1120 2045 1153 2087 se
1188 2027 1313 2089 habeut:

169 2133 261 2190 immo
282 2129 339 2190 hae
361 2131 420 2190 iam
443 2135 529 2190 antea
554 2127 589 2206 (v.
612 2124 684 2208 558)
708 2128 814 2207 procul
838 2135 1015 2207 conspectae
1037 2130 1187 2190 iussorum
1210 2129 1315 2189 Heleni

169 2232 241 2293 olim
254 2231 423 2292 auditorum
436 2231 662 2291 admonuerant.
691 2231 792 2309 ltaque
808 2238 857 2292 aut
873 2229 1005 2292 absolute
1017 2233 1145 2310 positum
1158 2233 1314 2292 ‘monent’

168 2335 292 2395 verbum
309 2341 444 2395 anteum
467 2333 515 2394 ‘ni
530 2340 653 2394 teneant
668 2337 790 2394 cursus’
813 2333 949 2394 membro
965 2335 1214 2412 coniungendam.
1238 2333 1310 2396 Nam

169 2437 262 2497 altera
284 2436 371 2498 lectio
392 2441 526 2511 movent,
561 2454 738 2516 quamquam
762 2437 938 2498 commutavi
959 2435 1046 2496 facile
1068 2444 1227 2514 utrumqne
1249 2453 1314 2495 ver·

169 2538 241 2598 bum
269 2557 285 2598 a
313 2536 451 2604 librariis¹
472 2555 540 2598 cum
564 2537 715 2598 Reutleius
737 2537 782 2619 2ad
803 2538 874 2598 Hor.
899 2557 989 2600 carm.
1012 2537 1051 2598 lll
1074 2537 1102 2609 7,
1129 2535 1168 2599 19
1191 2538 1314 2598 demon·

169 2641 274 2700 stravit
295 2646 359 2700 tum
383 2639 462 2716 quod
485 2639 573 2700 modo
596 2639 752 2701 laudabam
776 2641 944 2721 exemplum
968 2640 1017 2700 Vll
1039 2636 1100 2701 641
1124 2643 1195 2702 satis
1217 2639 1313 2707 docet,

169 2743 351 2802 accusativos
382 2741 501 2818 quidem
523 2741 657 2818 Scyllam
686 2749 777 2818 atque
799 2744 975 2822 Charybdin
1003 2761 1062 2803 nen
1092 2743 1164 2802 lert:
1203 2743 1316 2802 moveri

171 2846 284 2923 quippe
306 2851 432 2922 possunt
454 2845 585 2904 carmina
608 2843 750 2904 historiae
773 2843 889 2906 fabulae
911 2851 1070 2924 praecepta
1094 2843 1139 2903 vel
1161 2861 1237 2923 quae
1261 2843 1315 2903 alia

170 2947 308 3007 universo
330 2948 452 3006 nomine
476 2945 780 3026 comprehenduntur,
806 2965 867 3007 non
889 2948 973 3026 ipsae
995 2965 1046 3007 res
1071 2963 1197 3026 quarum
1213 2944 1316 3008 inillis

169 3049 281 3109 mentio
303 3048 343 3108 tit.
922 3073 924 3076 ·

254 3151 348 3212 Porro
371 3149 545 3230 simplicitas
567 3157 596 3210 et
618 3152 814 3230 perspicuitas
836 3153 983 3212 sermonis
1007 3157 1092 3220 vetat,
1116 3170 1155 3212 ne
1178 3150 1314 3227 diruptis

169 3270 247 3334 quae
268 3253 335 3330 ipso
359 3269 446 3314 versu
470 3252 638 3314 consociata
653 3259 731 3322 sunt,
756 3254 851 3313 ‘inter
866 3259 1023 3333 utramque
1038 3255 1133 3314 viam’
1157 3253 1202 3312 vel
1219 3251 1313 3332 ‘Scyl-

169 3356 229 3416 lam
253 3362 341 3433 atque
364 3354 532 3435 Charybdin
560 3357 656 3415 inter'
685 3356 902 3432 coniungantur
933 3355 977 3415 vel
1007 3357 1098 3416 ‘viam
1129 3354 1180 3416 leti
1210 3354 1313 3414 discri-

169 3459 251 3518 mine
264 3460 374 3535 parvo'
388 3474 454 3518 esse
468 3461 478 3492 ‘
486 3459 565 3518 inter
580 3459 753 3536 utramque'
767 3463 921 3518 statuatur.
945 3457 1093 3518 Servanda
1106 3459 1195 3536 igitur
1204 3457 1316 3517 Vatica-

168 3577 276 3619 narum
286 3558 463 3620 schedarum
476 3561 643 3629 auctoritas
653 3579 728 3639 quae
739 3561 937 3620 nominativos
949 3557 1317 3638 praebeut‘Seyllootque

169 3659 368 3736 Charybdis&
385 3663 468 3740 quasi
480 3679 626 3721 summam
634 3669 860 3740 praeceptorum
868 3659 984 3721 Heleni.
1009 3660 1166 3722 Praeterea
1179 3663 1209 3720 in
1222 3661 1315 3722 altero

169 3780 257 3822 versu
269 3761 339 3840 quid
352 3763 389 3822 sit
402 3765 472 3823 ‘leti
483 3765 658 3824 discrimine
663 3765 781 3839 pervo'
794 3781 860 3824 cum
875 3763 1031 3824 simillimis
1045 3762 1164 3823 locile
1178 3761 1238 3825 143
1252 3763 1317 3823 ‘leti

168 3863 339 3924 discrimina
356 3867 458 3942 parva’
483 3873 511 3924 et
532 3862 637 3924 xell
662 3866 762 3925 ‘tenui
781 3865 952 3926 discrimine
974 3864 1044 3925 leti’
1068 3871 1180 3943 pateat,
1205 3865 1317 3925 lallitur

170 3965 222 4042 qui
246 3965 339 4025 ‘viam
362 3963 432 4024 leti'
455 3973 488 4025 ut
510 3967 615 4026 mortis
638 3983 682 4043 ge.
707 3962 831 4026 111482
855 3973 884 4027 et
906 3966 1008 4028 salutis
1030 3967 1102 4027 rien.
1126 3966 1162 4026 Vl
1178 3964 1219 4028 96
1242 3969 1316 4028 viam

170 4065 307 4143 intellegi
322 4065 391 4127 vult.
423 4067 559 4145 Denique
583 4071 702 4129 ‘tencre
716 4076 839 4130 cursus'
863 4085 1024 4148 numquam
1047 4070 1210 4148 poterimus
1233 4069 1317 4130 aliter

169 4169 363 4246 interpretari
386 4170 443 4229 nisi
466 4187 502 4228 ex
526 4171 741 4232 consuetudine
769 4189 845 4250 quae
867 4171 913 4232 his
940 4171 1015 4231 loeis
1038 4177 1175 4250 apparet:
1200 4167 1316 4232 111146

173 4269 238 4330 ‘dis
270 4269 407 4350 equidem
437 4270 607 4350 auspicibus
634 4291 703 4332 reor
731 4279 760 4333 et
788 4273 901 4334 lunone
930 4272 1062 4334 secunda
1090 4271 1169 4332 hunc
1196 4291 1317 4334 cursum

172 4372 276 4434 lliaeas
307 4379 395 4433 vento
425 4377 554 4435 tenuisse
581 4375 724 4444 earines',
774 4372 872 4437 1370
914 4375 953 4436 lX
981 4371 1043 4436 377
1072 4376 1183 4454 ‘quove
1211 4379 1318 4437 tenetis

169 4477 268 4539 iterl'
314 4476 337 4535 V
362 4473 377 4536 1
403 4474 550 4536 ‘medium
572 4475 686 4538 deneas
708 4477 766 4538 iam
788 4477 883 4540 classe
905 4478 1024 4538 tenebor
1045 4484 1145 4540 certus
1168 4478 1253 4544 aler&
1278 4475 1317 4536 lll
