3230 5046
296 369 356 434 172
401 396 404 404 ·
740 398 985 443 enonuoouurm.

290 566 486 655 mentatorem
502 563 649 626 Aeneidos
665 571 711 626 ter
732 565 833 628 laudat
857 566 1014 628 scholiasta
1032 562 1218 640 Veronensis,
1242 569 1279 629 ad
1294 571 1365 632 Aen.
1383 571 1434 638 llll

291 658 351 730 146
391 661 478 725 V95
512 674 541 732 et
572 667 608 728 ad
642 669 790 730 incertum
824 669 893 730 libri
926 670 980 730 Xll
1002 672 1080 730 inter
1102 667 1165 731 684
1193 679 1223 732 et
1246 669 1306 732 707
1336 672 1434 734 locum

290 762 328 841 (p.
354 761 423 835 107,
446 762 508 843 22).
554 769 590 828 Et
612 771 710 848 primo
733 771 852 851 quidem
868 791 922 832 eur
937 773 967 832 in
982 772 1127 852 Apollinis
1142 772 1234 834 choro
1250 773 1314 834 Deli
1331 774 1435 835 Cretes

290 884 355 926 esse
378 867 516 929 dicantur
539 869 739 932 ‘Phalarcho'
763 872 819 942 vel,
843 881 876 933 ut
890 873 925 934 H.
942 873 1054 934 lleilius
1077 893 1142 935 cum
1159 875 1223 936 aliis
1238 874 1435 955 probabiliter

289 970 406 1038 statuit,
435 969 601 1050 Phylarcho
629 983 752 1035 auctore
781 977 942 1044 enarravit;
978 975 1089 1046 altero,
1122 976 1175 1038 ‚ubi
1203 984 1373 1057 serpentem
1398 968 1450 1038 ex*

289 1069 382 1150 adytis
397 1071 434 1132 ad
449 1073 595 1134 Anchisae
618 1075 762 1136 tumulum
785 1084 1029 1156 prorumpentem
1053 1080 1231 1156 ‘geniumne
1253 1078 1311 1140 loci
1330 1080 1434 1154 somu-

289 1176 388 1234 lumne
410 1179 553 1250 pareatis
575 1195 640 1237 esse
664 1183 766 1258 putet'
794 1179 908 1260 ‹lubitat
928 1180 1059 1247 Aeneas,
1089 1181 1275 1260 Pythagorae
1303 1179 1461 1249 fabulam¹

290 1273 337 1349 (ci.
359 1275 488 1355 Servius)
512 1280 641 1358 repetiit,
666 1298 722 1358 qua
746 1281 782 1341 de
804 1280 943 1342 medullis
966 1283 1135 1351 hominum,
1167 1282 1354 1361 sepultorum
1376 1285 1433 1342 sci-

289 1376 372 1446 lieet,
409 1396 522 1456 angues
556 1383 652 1442 creari
682 1382 871 1461 putabantur.
926 1383 1047 1445 Accedit
1075 1384 1153 1464 quod
1183 1386 1212 1444 in
1242 1383 1433 1462 disceptanda

231 1520 241 1538 .
290 1481 378 1540 unius
406 1482 544 1542 versiculi
568 1482 649 1562 (Aen.
673 1481 806 1566 111484)
835 1487 982 1565 scriptura
1011 1487 1080 1566 quid
1108 1485 1157 1547 ille
1185 1486 1292 1564 legerit
1314 1485 1435 1546 Servius

289 1589 407 1642 narrat:
432 1585 513 1644 '‘nee
536 1585 615 1646 cedit
635 1587 745 1647 honori
767 1632 822 1648 ...
846 1587 976 1648 Scaurus
1003 1606 1074 1650 vero
1101 1591 1216 1650 honore
1243 1586 1315 1665 legit
1338 1597 1367 1647 et
1389 1573 1433 1646 in·

288 1682 415 1763 tellegit:
440 1684 554 1747 honore
577 1705 637 1748 non
660 1689 738 1749 cedit
754 1689 884 1750 Heleno'
909 1708 935 1750 e.
958 1709 987 1768 q.
1010 1708 1034 1749 s.
1078 1692 1173 1770 Atque
1196 1689 1341 1768 praebent
1363 1707 1433 1748 ean-

290 1785 357 1844 dem
390 1784 565 1860 lectionem,
601 1807 676 1866 quae
700 1791 771 1852 Silio
805 1808 921 1871 quoque
943 1791 1111 1870 placuerat,
1147 1810 1182 1851 ex
1210 1791 1321 1852 nostris
1349 1789 1435 1851 libris

289 1889 393 1964 Pyra,
429 1887 552 1950 alteram
583 1893 731 1971 GMyebc.
784 1893 921 1954 Bucolica
951 1893 1077 1954 eundem
1107 1900 1336 1954 commentatum
1368 1909 1444 1952 esse

290 2007 326 2048 ex
356 1988 476 2050 scholiis
504 1991 648 2054 Bernens.
679 1994 716 2055 ad
747 1993 800 2055 ecl.
826 1995 888 2055 Vlll
911 1990 953 2056 65
984 1995 1095 2064 alticio,
1130 1994 1180 2056 ubi
1210 1993 1284 2054 haec
1318 1999 1433 2069 extant:

290 2093 456 2152 ‘verbenas
477 2111 571 2171 genus
594 2095 705 2157 herbae
728 2097 909 2157 castissimae
933 2095 978 2157 vel
1002 2116 1035 2172 ex
1066 2097 1130 2158 loco
1161 2103 1264 2157 sancto
1287 2103 1433 2174 sumptae,

288 2201 320 2254 ut
338 2195 491 2256 Terentius
507 2204 536 2256 et
550 2195 674 2258 Iunilius
690 2198 818 2258 dicunt'.
851 2198 1024 2260 Terentium
1042 2201 1119 2259 enim
1136 2199 1281 2260 Scaurum
1297 2203 1435 2258 nostrum

288 2295 438 2374 intellego,
463 2299 546 2358 cuius
569 2301 624 2360 etsi
646 2319 755 2361 nomen
777 2309 879 2362 tacens
895 2301 1014 2361 Servius
1036 2302 1312 2380 interpretationem
1336 2306 1434 2360 tamen

288 2399 384 2476 tetigit
405 2398 466 2460 his:
492 2400 559 2460 ‘alii
580 2401 724 2462 verbenas
745 2401 868 2480 virgulta
892 2401 1029 2480 religioni
1050 2405 1145 2481 epta'.

375 2499 559 2579 Quamquam
582 2501 705 2564 dubium
728 2523 787 2565 non
817 2511 876 2574 est,
906 2505 979 2582 quin
1008 2503 1071 2564 aliis
1099 2522 1217 2583 quoque
1245 2505 1276 2564 in
1304 2503 1433 2582 scriptis,
1516 2527 1518 2532 ¹

289 2603 417 2663 maxime
439 2605 470 2664 in
493 2607 713 2666 commentariis
735 2607 765 2666 in
788 2614 882 2666 artem
911 2607 1057 2684 poeticam
1081 2613 1145 2665 nec*
1160 2623 1219 2666 non
1240 2607 1269 2664 in
1294 2607 1336 2664 eis
1359 2623 1435 2683 quae

290 2703 346 2764 ‘de
369 2704 505 2766 Caesellii
539 2706 711 2767 erroribus'
745 2709 912 2786 composuit
947 2706 1066 2786 (Gellius
1088 2705 1127 2767 Xl
1152 2703 1200 2784 15)
1236 2715 1265 2768 et
1291 2708 1322 2766 in
1351 2708 1436 2767 ‘arte

290 2809 502 2884 grammatica'
526 2808 654 2868 Scaurus
670 2807 790 2887 Vergilii
808 2808 950 2888 exemplis
973 2828 1045 2869 usus
1068 2827 1142 2888 quae
1159 2809 1270 2887 inipso
1286 2807 1435 2868 Aeneidos

291 2911 503 2970 commentario
518 2918 720 2990 proposuerat
735 2910 789 2982 vel,
813 2911 864 2972 ubi
879 2929 929 2971 res
944 2910 1068 2980 serebat,
1093 2909 1273 2990 suppleverit
1288 2908 1435 2986 ampliore

290 3012 489 3091 disputatione
513 3011 557 3071 vel
580 3010 676 3072 obiter
699 3014 838 3090 tetigerit..
888 3011 973 3074 Unde
994 3013 1102 3072 iactum
1127 3020 1159 3072 ut
1180 3029 1217 3071 ne
1241 3011 1435 3090 eorumqui-

292 3115 370 3183 dem,
396 3131 471 3190 quae
488 3113 640 3174 Charisius
656 3121 685 3174 et
699 3115 857 3176 Diomedes
873 3134 908 3176 ex
931 3113 988 3175 illis
1010 3117 1040 3174 in
1063 3121 1158 3175 artem
1180 3114 1327 3192 poeticam
1349 3111 1435 3173 libris

292 3217 467 3286 attulerunt,
491 3214 596 3276 umbra
619 3218 649 3277 in
667 3217 761 3278 Servii
782 3216 903 3279 scholiis
918 3235 1042 3296 prorsus
1058 3214 1255 3294 evanuerit*l.
1284 3215 1317 3275 ln
1333 3215 1434 3275 ortho-

357 3436 383 3502 *)
404 3417 545 3506 Charisius
566 3439 614 3489 188
637 3441 747 3504 ‘primus
765 3455 814 3506 pro
836 3439 865 3488 in
882 3438 985 3504 primis.
1027 3439 1119 3487 Maro:
1143 3435 1243 3486 Troiae
1267 3435 1314 3499 qui
1331 3435 1436 3501 primus

292 3526 327 3576 ab
346 3525 409 3584 oris,
428 3523 477 3573 ubi
495 3523 527 3584 Q.
547 3523 695 3574 Terentius
714 3523 833 3574 Scaurus
852 3523 1035 3574 commentariis
1053 3523 1079 3571 in
1097 3527 1177 3571 artem
1192 3522 1319 3586 poetieam
1330 3520 1394 3570 libro
1409 3521 1435 3570 X

202 3662 203 3667 ,
290 3626 346 3660 non
368 3607 415 3675 qni
439 3611 502 3658 ante
525 3623 619 3658 omnes
641 3610 745 3674 inquit,
774 3609 905 3660 sedante
925 3623 1005 3672 quem
1024 3621 1102 3656 nemo
1122 3610 1178 3667 est,
1203 3609 1231 3654 et
1250 3603 1339 3654 addite
1363 3609 1434 3669 ‘quo

291 3709 392 3760 genere
408 3692 508 3758 plures
530 3693 611 3756 primi
634 3695 725 3759 accipi
751 3698 890 3759 possunt’.
937 3693 1048 3744 Servius
1066 3693 1136 3744 Aen.
1155 3691 1200 3741 Il
1228 3687 1353 3755 ‘[primus
1379 3705 1435 3740 non

292 3783 357 3830 ante
377 3793 456 3842 quem
475 3792 567 3838 nemo,
592 3778 640 3828 sed
663 3783 726 3844 post
748 3795 826 3844 quem
850 3778 956 3842 nullus,
980 3777 1024 3828 vel
1048 3778 1093 3827 hic
1115 3778 1218 3843 primus
1240 3775 1370 3840 princeps
1388 3775 1435 3826 vel

291 3859 419 3930 optimus]
429 3867 445 3913 ’.
473 3861 578 3913 Eadem
591 3863 649 3914 fere
663 3869 773 3929 postea:
794 3864 922 3928 (‘primus
936 3879 1001 3929 erge
1019 3879 1074 3913 nou
1094 3867 1157 3912 ante
1177 3876 1255 3926 quem
1274 3875 1366 3924 nemo,
1386 3861 1435 3911 sed

292 3931 459 4014 postquem
477 3946 568 3998 nullus
587 3954 617 3998 ut
636 3951 711 4015 gal
736 3951 767 3998 12
787 3949 839 4002 ecl.
857 3948 931 3999 145.
967 3948 1012 3999 vel
1034 3946 1177 3998 laudative
1197 3946 1299 4012 primus
1317 3950 1349 3994 ut
1366 3945 1435 4001 Aen.

293 4036 328 4084 Vl
346 4032 432 4100 8112).
467 4034 590 4098 Apparet
608 4034 650 4084 his
670 4034 767 4084 Scauri
784 4034 997 4099 explicationem
1015 4027 1141 4085 refutari.

359 4119 507 4171 Diomedes
525 4121 575 4170 439
598 4119 772 4185 ‘hypozeuxis
790 4123 833 4169 est
855 4133 915 4167 cum
939 4116 1067 4182 singulae
1084 4131 1129 4167 ree
1147 4119 1195 4166 aut
1212 4116 1337 4180 personis
1359 4115 1435 4166 subi-

293 4205 403 4254 ciuntur
425 4209 473 4254 aut
496 4205 602 4265 verbis,
630 4211 661 4254 ut
677 4204 746 4255 Aen.
766 4205 790 4253 X
811 4202 952 4254 lle-154.
987 4202 1156 4266 hypozeuxis
1183 4205 1238 4258 est,
1266 4203 1297 4248 ut
1315 4199 1436 4252 Scaurus

292 4290 341 4352 ait,
361 4291 448 4356 figura
466 4291 601 4356 superiori
620 4291 691 4354 (scil.
717 4286 865 4354 zeugmati)
889 4286 1045 4351 contraria,
1068 4285 1116 4336 ubi
1138 4284 1249 4336 diversa
1269 4284 1357 4336 verba
1380 4286 1435 4336 sin-

291 4377 364 4442 gulis
381 4377 549 4440 iunguntur’.
585 4376 683 4426 Scauri
700 4373 867 4424 mentionem
885 4371 987 4421 omittit
1004 4370 1147 4421 Charisius
1164 4370 1222 4425 260.

359 4459 507 4512 Diomedes
525 4463 576 4513 444
595 4461 764 4525 ‘macrologia
778 4485 806 4493 -
822 4456 943 4508 Scaurus
961 4456 1002 4506 ita
1020 4454 1124 4512 definit,
1142 4453 1227 4521 longa
1244 4455 1435 4521 descriptione
