3212 5042
630 405 818 448 PRAEFATIO.
1255 406 1292 450 XI

148 577 296 654 ‘praeter
311 569 583 633 consuetudinem
596 579 663 634 tam
675 569 764 635 vitae
779 578 910 634 nostrae
921 591 1019 655 quam
1030 572 1133 656 ipsius
1149 579 1292 657 poetae’,

147 693 230 758 quae
246 669 397 735 Suetonii
412 670 514 734 verba
536 679 622 753 sunt,
646 679 793 735 notatum
816 672 917 736 fuisse
939 673 1088 753 coniecit,
1111 695 1207 759 quem
1228 697 1294 739 non

147 772 263 836 dubito
299 772 380 856 quin
412 771 567 836 asterisco
601 770 730 836 obelato
768 772 961 855 insignitum
1001 783 1089 838 reete
1124 775 1294 839 statuerim

146 896 179 959 p.
205 873 266 937 153
291 871 348 955 (cf.
374 871 460 957 142).
548 872 601 936 Ad
623 871 769 957 prolegg.
792 894 824 957 p.
850 873 924 937 166:
955 873 1009 936 Ex
1037 874 1170 938 scholiis
1193 874 1294 938 Vero-

146 975 304 1039 nensibus
338 972 525 1057 nuperrime
565 972 622 1056 (cf.
652 971 868 1038 Buechelerus
899 973 1018 1038 annall.
1052 973 1178 1061 philoll.
1214 976 1295 1039 1866

145 1099 179 1160 p.
196 1076 252 1161 66)
275 1098 365 1139 nova
387 1073 527 1137 accessit
549 1074 697 1158 quamvis
720 1073 835 1137 mutila
859 1079 953 1154 Capri
973 1075 1015 1139 ad
1032 1075 1091 1140 ccl.
1106 1077 1155 1141 VI
1173 1076 1296 1139 14-19

146 1176 335 1240 adnotatio:
365 1183 423 1264 ἷ111
445 1181 600 1253 elcqaaicr
620 1185 654 1239 ai
674 1180 829 1256 ca(per)’,
858 1175 974 1240 ubilis
1002 1175 1129 1262 syllaba
1156 1177 1296 1240 fortasse

147 1274 304 1341 vocabuli
327 1284 416 1340 scriis
439 1273 556 1361 (1.19)
580 1273 653 1339 fuit.
740 1275 795 1339 Ad
817 1274 964 1361 prolegg.
987 1277 1112 1361 p.171:
1136 1277 1296 1343 Memoria

149 1377 266 1458 falsus,
289 1388 328 1442 ut
349 1376 494 1457 videtur,
524 1382 624 1441 Velius
639 1381 761 1454 Loacus
783 1398 815 1460 p.
830 1376 915 1440 2220
936 1377 974 1440 Ρ.
990 1399 1032 1440 ex
1049 1379 1132 1442 Aen.
1148 1377 1296 1442 1111302

148 1477 300 1542 laudavit
315 1483 472 1556 trepidant
486 1499 545 1563 pro
560 1483 726 1541 stimulant.
742 1502 743 1506 ¹
808 1476 862 1539 Ad
877 1477 1023 1562 prolegg.
1038 1501 1069 1563 p.
1086 1479 1160 1542 172:
1185 1483 1299 1543 Scauri

147 1579 401 1643 commentarios
425 1578 624 1642 Horatianos
647 1600 712 1642 non
734 1577 822 1641 intra
843 1587 947 1642 artem
970 1578 1131 1663 poeticam
1153 1579 1295 1644 inclusos

146 1679 252 1743 fuisse
280 1678 362 1742 mihi
389 1680 544 1764 probavit
565 1677 814 1760 Zangemeister
842 1679 883 1743 de
905 1678 1037 1742 Horatii
1064 1680 1201 1745 vocibus
1233 1681 1296 1743 sin-

148 1779 320 1864 gularibus
342 1803 375 1866 p.
397 1779 441 1843 40
462 1802 532 1866 sqq.
624 1779 679 1843 Ad
701 1777 846 1864 prolegg.
870 1803 901 1865 p.
928 1780 1003 1844 176:
1036 1779 1089 1844 De
1111 1786 1298 1860 Parthiaope

148 1881 255 1945 forma
276 1881 319 1944 of.
344 1879 573 1945 Schuchardtii
595 1880 636 1944 de
658 1879 836 1945 'vocalismo
859 1879 953 1944 latini
976 1883 1134 1948 sermonis
1150 1881 1296 1965 vulgaris

150 1982 270 2047 librum
299 2005 331 2068 p.
356 1982 426 2049 397.
526 2003 558 2066 p.
581 1981 645 2044 214
672 1981 728 2045 lin.
756 1981 794 2044 12
821 2003 937 2045 versus
965 2004 1119 2046 numerus
1148 2005 1212 2046 non
1235 1983 1297 2046 552

151 2083 326 2168 legendus,
361 2081 419 2146 sed
440 2081 498 2164 523
536 2082 617 2145 item
649 2104 682 2167 p.
705 2081 768 2144 314
796 2081 852 2144 lin.
878 2084 894 2144 1
922 2103 988 2145 non
1015 2105 1065 2166 ge.
1095 2082 1167 2146 IIII
1195 2081 1296 2163 volui,
1426 2153 1427 2159 ἵ

151 2184 209 2249 sed
232 2183 297 2249 III.
384 2182 440 2246 Ad
461 2181 607 2268 prolegg.
630 2204 663 2267 p.
685 2181 763 2246 300:
801 2182 996 2268 interpolati
1024 2181 1146 2247 codicis
1169 2188 1301 2247 Romani

151 2287 208 2351 ubi
230 2285 318 2351 solus
342 2308 383 2349 ex
404 2283 645 2370 antiquioribus
661 2284 756 2348 testis
773 2292 823 2346 est
839 2283 997 2368 exemplis
1014 2282 1135 2348 addere
1152 2293 1299 2370 poteram

151 2385 357 2451 00111110]
375 2395 418 2450 esi
432 2383 583 2470 copulam
604 2406 664 2447 nec
687 2383 878 2468 elegantem,
901 2407 974 2448 cum
996 2385 1030 2448 in
1044 2385 1130 2450 binis
1147 2385 1297 2450 versibus

152 2487 313 2571 contiguis
339 2487 400 2550 100
423 2495 455 2550 et
481 2485 540 2549 102
562 2485 700 2568 legetur,
724 2494 757 2548 et
778 2494 904 2550 mutato
927 2486 962 2548 in
983 2509 1006 2566 γ,
1026 2494 1059 2550 et
1080 2492 1126 2550 hm
1142 2485 1212 2549 loco
1228 2509 1298 2549 sus-

152 2598 292 2675 pectam,
314 2587 495 2652 rectissime
517 2608 595 2652 vero
618 2585 653 2648 in
674 2608 692 2650 c
714 2587 880 2652 omissam.
920 2586 961 2650 cf.
978 2586 1137 2671 Wagneri
1157 2597 1297 2672 quaestt.

153 2691 252 2773 Verg.
276 2688 343 2752 XV
365 2711 397 2773 p.
420 2687 494 2750 441.
580 2686 635 2750 Ad
657 2685 801 2771 prolegg.
823 2710 856 2772 p.
879 2688 956 2751 311:
992 2687 1158 2774 Antiquae
1179 2708 1298 2750 memo-

153 2791 221 2855 riae
248 2788 424 2872 vestigium
456 2787 559 2852 latere
586 2787 718 2852 videtur
747 2789 846 2851 etiam
874 2811 924 2872 ge.
953 2787 1025 2853 IIII
1046 2789 1086 2852 37
1108 2789 1142 2852 in
1164 2795 1301 2852 Palatini

155 2892 317 2976 scriptura
339 2889 536 2964 PALLAE,
558 2889 616 2953 ubi
631 2888 732 2953 ceteri
746 2895 817 2952 illac
830 2889 969 2954 habent:
995 2897 1101 2954 ortum
1117 2889 1203 2953 euim
1218 2887 1298 2952 illud

156 2993 296 3058 fortasse
318 3013 361 3054 ex
382 2989 549 3070 OLLAE,
573 2991 771 3075 quamquam
786 2991 820 3059 in
835 2991 996 3074 georgicis
1017 2989 1097 3054 haec
1111 2989 1219 3054 forma
1233 3013 1298 3054 non

155 3093 326 3179 reperitur.
414 3091 467 3155 Ad
484 3091 629 3177 prolegg.
646 3115 677 3177 p.
694 3091 771 3156 318:
802 3091 893 3155 Inter
908 3091 1140 3175 congruentiae
1155 3090 1299 3154 Palatini

157 3195 292 3258 correcti
306 3215 381 3256 cum
395 3191 546 3256 Mediceo
569 3191 720 3278 exempla
741 3193 951 3257 memorabile
973 3192 1060 3278 quod
1074 3193 1157 3256 Aen.
1174 3193 1222 3256 VI
1236 3193 1297 3255 561

156 3297 187 3359 in
203 3299 380 3374 MPayrarc
394 3291 516 3377 legitur
539 3300 637 3372 ‘qais
652 3300 762 3356 tantus
779 3293 912 3376 clangor
926 3292 968 3356 ad
984 3293 1103 3373 auris',
1118 3301 1298 3357 ceterorum

157 3396 291 3480 (Piiibl)
322 3395 503 3479 scripturae
531 3401 584 3474 qai
608 3404 696 3458 recte
718 3415 738 3456 a
762 3393 929 3478 Wagnero
960 3393 1016 3478 (cf.
1041 3402 1180 3479 quaesit.
1197 3393 1298 3477 Verg.

157 3498 260 3561 XXII
283 3497 314 3574 3)
342 3493 534 3580 praelatum.
589 3495 713 3558 Tamen
735 3486 773 3559 ’1.
797 3493 859 3558 865
887 3495 1068 3580 euphoniae
1097 3515 1198 3556 causa
1224 3495 1298 3557 reti-

156 3599 297 3662 nendum
313 3597 398 3662 duco
415 3597 501 3681 quod
516 3601 671 3677 FiPyibc
691 3596 850 3680 praebent
866 3601 948 3674 ‘qai
969 3594 1154 3680 strepitus’‚
1177 3617 1242 3658 non
1257 3617 1299 3659 ex

160 3705 219 3763 MR
240 3696 450 3762 inferendum
481 3704 557 3776 qais·
643 3720 676 3782 p.
699 3697 761 3762 336
789 3697 855 3760 ima
877 3717 959 3781 quae
983 3697 1022 3760 de
1045 3695 1210 3759 Arusiano
1232 3717 1297 3759 mo·

157 3800 211 3862 nui
247 3799 290 3862 ad
327 3785 465 3862 calamna
501 3799 698 3883 scripturam
733 3797 913 3883 pertinent,
950 3818 1015 3860 non
1052 3796 1095 3860 ad
1130 3803 1296 3860 columnae.

238 3899 292 3964 Ad
307 3897 454 3985 prolegg.
471 3922 504 3985 p.
520 3898 597 3962 356:
614 3897 803 3962 Locutionis
819 3905 885 3962 acia
901 3903 990 3974 dare,
1016 3919 1113 3982 quam
1128 3899 1210 3961 Aen.
1228 3897 1299 3960 IIII

157 4000 217 4063 594
237 3999 453 4082 Menagianus
480 4001 570 4084 prior
592 3999 751 4080 restituit,
775 3997 931 4084 exemplis
955 3998 1070 4062 ceteris
1095 3997 1193 4078 (Aen.
1217 3997 1235 4059 I
1257 3997 1299 4060 35

159 4101 274 4165 11136
302 4101 357 4166 III
379 4100 398 4164 9
423 4100 480 4164 191
519 4099 593 4164 IIII
614 4099 676 4164 546
709 4099 740 4162 V
764 4099 823 4162 707
852 4099 938 4163 VIII
961 4085 1021 4162 708
1044 4097 1116 4160 XII
1136 4096 1214 4178 264)
1243 4098 1297 4160 ad-

158 4199 375 4266 numerandus
391 4201 455 4266 erit
469 4201 523 4265 III
539 4200 611 4282 705,
633 4200 691 4265 ubi
713 4200 800 4286 quod
822 4201 857 4261 in
880 4199 1030 4264 omnibus
1054 4180 1297 4282 exemplaribus

160 4302 260 4366 fertur
285 4311 399 4387 ‘teque
422 4301 507 4366 datis
529 4301 640 4388 linquo
663 4309 769 4382 ventis,
798 4300 945 4385 palmosa
967 4298 1114 4363 Selinus'
1137 4298 1297 4381 corrigen-

161 4401 234 4466 dum
260 4409 373 4468 velis:
404 4402 577 4489 expulsum
598 4401 660 4467 hoc
683 4401 833 4487 adposito
857 4423 876 4464 a
898 4409 1150 4466 commentatore
1172 4398 1296 4477 dativo,
