3276 5050
647 411 894 455 nsounsouuus.
1282 388 1341 454 131

203 583 305 663 posui,
335 578 460 658 utquid
485 579 516 639 in
544 585 625 640 textu
647 578 815 658 Vergiliano
843 577 1049 641 constituendo
1071 578 1158 659 hspri
1186 579 1346 640 aucteritas

203 685 327 746 valuerit
348 682 405 744 hcc
428 680 563 761 exemplo
586 680 772 761 appareat*).
822 682 1021 762 Disputavisse
1043 680 1080 741 de
1108 679 1212 742 eadem
1234 699 1341 760 quaes·

204 771 287 848 tione
309 784 437 846 Plinium
464 786 495 844 in
528 783 673 844 librorum
695 783 778 844 dubii
799 786 946 845 sermonis
974 790 1058 844 sexto
1081 782 1205 845 Charisii
1227 802 1256 863 p.
1282 779 1342 845 107

206 895 345 967 excerpta
369 886 493 955 docent,
524 890 612 965 atque
642 885 698 946 hoo
722 904 757 945 ex
782 887 865 947 tonte
891 887 1018 947 sortasse
1040 885 1208 946 Priscianus
1229 903 1259 964 p.
1283 881 1345 946 706

203 989 309 1050 hausit.
356 989 495 1050 Ceterum
518 988 555 1047 cl.
572 985 775 1049 Buechelerus
798 1006 874 1049 mus.
891 988 993 1049 iihen.
1017 986 1067 1048 XV
1088 983 1163 1050 437.
1207 987 1284 1049 Num
1307 985 1344 1046 de

203 1091 306 1153 dativis
334 1107 454 1170 quoque
484 1089 581 1166 Orphe·
608 1088 661 1150 ecl.
691 1088 744 1150 llll
766 1087 806 1151 57
834 1107 881 1168 ge.
905 1086 1052 1152 1111545.
1074 1085 1137 1151 553
1160 1097 1189 1150 et
1211 1090 1348 1150 Mnestlvi

106 1215 111 1221 ·
202 1197 272 1255 Aen.
298 1194 322 1254 V
345 1189 406 1253 183
429 1198 532 1252 noster
554 1192 750 1268 praeceperit,
774 1191 914 1253 traditum
938 1208 998 1252 non
1020 1198 1075 1253 est.

286 1293 395 1355 Dubito
418 1312 489 1354 num
510 1291 681 1373 probaverit
700 1294 796 1374 Asper
819 1311 906 1372 quam
930 1293 1049 1354 Servius
1071 1291 1107 1354 ad
1129 1294 1201 1354 Aen.
1226 1288 1341 1354 X1801

202 1397 352 1474 antiquam
374 1395 533 1456 lectionem
556 1394 626 1454 dicit
654 1394 728 1454 ‘nec
756 1413 851 1456 auras
879 1413 935 1456 nec
963 1396 1238 1456 sonitus‘memor'
1272 1413 1344 1474 prae

202 1496 257 1558 hac
280 1476 424 1559 εαιιναὲζ
469 1496 543 1557 Nam
566 1495 664 1556 verbis
687 1495 936 1573 quidem‘scholii
957 1495 1109 1574 nostri**l
1139 1496 1212 1557 nihil
1235 1497 1345 1557 evinci·

202 1607 263 1670 tur,
286 1600 344 1660 uisi
365 1601 517 1660 custodias
539 1596 616 1676 apud
632 1596 803 1660 Sallustium
826 1617 882 1678 pro
902 1600 1038 1677 genetivo
1053 1597 1193 1660 babuisse
1207 1599 1344 1678 Asprum,

204 1703 255 1778 qui
277 1720 345 1763 cum
367 1701 399 1760 iu
415 1699 585 1761 Sallustium
609 1716 724 1779 quoque
745 1703 974 1762 commentarios
997 1702 1161 1781 scripserit,
1184 1701 1230 1762 his
1253 1699 1346 1762 videri

202 1796 296 1882 possit
318 1803 440 1864 Servius
460 1821 533 1863 usus
556 1817 629 1871 esse,
653 1810 687 1862 ut
708 1819 803 1863 durus
824 1805 990 1881 genetivum
1013 1803 1245 1865 commendaret.
1285 1802 1344 1863 Sed

203 1903 397 1966 memorabile
418 1911 532 1972 tamem
557 1920 651 1965 auras
671 1902 744 1964 illud
766 1905 797 1964 iu
820 1906 864 1966 eis
885 1905 971 1966 libris
995 1907 1165 1966 etiamnunc
1187 1921 1341 1984 apparere,

204 2025 279 2086 quos
302 2005 367 2066 aliis
390 2023 507 2085 quoqne
530 2004 673 2085 exemplis
694 2005 820 2066 vidimus
841 2008 930 2086 Aspri
951 2006 1095 2068 lectiones
1118 2024 1246 2075 servare,
1270 2005 1343 2066 Rer·

203 2126 312 2168 nenses
329 2107 395 2168 dico
410 2109 428 2168 b
444 2114 504 2169 etc
521 2115 601 2167 etex
617 2107 798 2185 lllenagianis
813 2107 945 2169 alterum.
983 2109 1112 2177 Accedit,
1139 2107 1264 2187 quodin
1279 2108 1344 2187 ipso

202 2210 415 2270 commentario
447 2207 610 2288 Vergiliano
639 2227 674 2268 ex
703 2208 841 2270 Sallustio
872 2208 1006 2289 exempla
1040 2210 1198 2271 adsumere
1226 2208 1344 2270 solitum

203 2311 408 2372 adnotationes
431 2310 467 2372 ad
489 2314 560 2373 Aen.
585 2306 704 2380 11539,
728 2310 765 2371 de
787 2330 847 2391 quo
869 2311 935 2373 loco
956 2331 1046 2393 supra
1070 2311 1221 2381 dicebam,
1253 2318 1283 2372 et
1304 2310 1341 2371 ad

202 2409 475 2475 v111383u1111
500 2410 574 2484 178,
604 2429 677 2490 quas
698 2413 774 2474 inira
804 2421 934 2493 tangam,
967 2421 1126 2486 testantur,
1157 2413 1344 2492 eundemque

202 2515 400 2576 archaismum
429 2513 563 2577 vocabuli
592 2518 734 2590 quianam
763 2516 798 2577 ad
825 2517 899 2578 Aen.
923 2518 945 2577 V
976 2514 1015 2578 13
1049 2525 1078 2578 et
1099 2513 1167 2578 X6
1196 2517 1344 2578 notavisse

202 2616 330 2696 legimus
362 2619 393 2678 in
425 2616 516 2678 schol.
540 2616 648 2677 Veron.
685 2616 761 2698 (coll.
786 2617 910 2698 Servio),
946 2626 976 2678 et
1008 2620 1127 2680 omniuo
1159 2617 1344 2696 grammatici

201 2721 330 2780 animum
353 2720 384 2779 iu
406 2717 615 2780 vocabulorum
637 2719 749 2781 larinas
771 2721 902 2782 studiose
916 2721 1062 2782 intentum
1079 2720 1204 2782 Charisii
1219 2730 1248 2781 et
1262 2720 1341 2782 Pris-

200 2822 277 2882 ciani
293 2822 461 2882 testimonia
476 2827 652 2882 monstrant.
675 2821 777 2899 ltaque
792 2839 888 2883 auras
902 2825 1070 2901 genetivum
1085 2825 1181 2902 Aspre
1196 2822 1343 2902 placuisse

199 2923 381 3002 putaverim,
416 2922 496 3000 quod
521 2941 588 2983 eum
611 2923 797 2984 coniectandi
819 2923 940 2985 libidine
961 2926 1083 2986 tinxisse
1105 2943 1192 2986 nemo
1216 2930 1341 2985 statuet:
1393 2907 1396 2916 ’

199 3027 291 3086 immo
314 3025 512 3106 ‘antiquam',
542 3026 674 3103 quamvis
696 3034 867 3106 corruptam
890 3045 957 3087 mee
980 3045 1069 3088 sensu
1092 3025 1282 3088 ‘lectionem'
1311 3026 1343 3084 in

199 3125 276 3188 libro
304 3125 402 3207 aliquo
430 3128 578 3188 invenisse
600 3126 755 3208 probabile
778 3136 831 3189 est.

268 3277 298 3345 *)
317 3279 444 3330 Achatae
463 3283 537 3333 eoas.
555 3275 623 3334 hen.
642 3281 656 3331 1
675 3282 723 3332 120
752 3281 777 3330 x
795 3283 845 3331 344
926 3271 933 3282 ‘

317 3363 423 3415 Achilli
440 3365 520 3430 Mybc
553 3365 626 3430 130,
656 3365 771 3433 Myabc2
789 3366 832 3416 IlI
850 3367 891 3429 87,
927 3365 1029 3432 Milyae
1048 3364 1084 3415 VI
1102 3365 1151 3415 839

406 3449 529 3501 Achillei
545 3451 571 3500 F
584 3451 628 3501 III
645 3453 685 3510 87,
721 3451 867 3502 PV1839

403 3535 522 3586 Achillis
541 3536 563 3586 R
581 3537 645 3587 130
887 3591 890 3597 Α

319 3620 387 3690 Neri
402 3637 471 3676 rece.
490 3622 565 3672 codd.
583 3621 654 3672 vni
668 3623 717 3674 383
752 3622 836 3674 Nerei
855 3621 981 3689 MPRybc

320 3704 377 3756 Oili
411 3706 522 3756 ΜΙ41
559 3701 635 3756 Oilei
652 3708 723 3774 prc

320 3790 417 3842 Oronti
452 3791 596 3856 amatote
613 3792 627 3840 1
644 3793 695 3843 220
730 3792 843 3844 Orontis
861 3793 900 3843 lat

320 3877 461 3929 Prometei
479 3879 554 3929 codd.
574 3877 626 3927 ecl.
645 3879 683 3929 VI
700 3879 733 3927 42

317 3963 401 4014 Terei
419 3963 493 4015 codd.
513 3962 564 4015 ecl.
583 3963 622 4014 VI
640 3964 673 4014 78
738 3995 742 4001 -
1264 4001 1266 4004 -

257 4047 305 4114 **)
324 4048 410 4100 ‘nihil
421 4049 484 4114 ipse
501 4063 552 4098 nec
571 4064 650 4099 ouras
667 4063 718 4100 nec
737 4048 843 4100 sonitus
856 4043 969 4115 memor]
983 4047 1053 4100 baec
1067 4051 1110 4100 est
1122 4049 1237 4113 entique
1249 4045 1342 4100 lectio.

203 4149 322 4198 numque
347 4133 420 4200 apud
436 4133 555 4184 maiores
572 4133 734 4184 trahebatur
753 4134 887 4184 interdurn
911 4149 928 4184 e
948 4133 1055 4186 Graeco
1081 4135 1229 4200 genetivus
1251 4132 1343 4197 singu-

204 4220 283 4272 laris.
302 4219 368 4270 binc
387 4223 429 4270 est
448 4224 476 4269 et
493 4219 699 4284 paterfamilias
718 4225 746 4270 et
762 4219 988 4282 materfamilias,
1012 4235 1082 4284 quea
1100 4219 1153 4270 duo
1171 4224 1278 4270 tentum
1295 4233 1343 4268 no·

203 4307 279 4356 minu
296 4309 495 4357 remanserunt.
531 4319 594 4354 nem
620 4320 673 4356 uec
700 4305 771 4356 buius
797 4321 876 4356 ouras
905 4306 1022 4356 dicimus
1045 4320 1097 4354 nec
1123 4305 1194 4354 buires
1215 4304 1344 4354 custodias
1410 4350 1413 4358 ,

199 4389 351 4441 seeundum
368 4389 545 4456 Sallustium,
564 4392 612 4457 qui
632 4391 672 4442 eit
686 4393 791 4442 castello
805 4393 933 4442 custodias
948 4392 1122 4441 thesaurorum
1136 4405 1184 4456 pro
1202 4389 1341 4440 custodiae.

197 4474 238 4527 ile
263 4477 335 4527 enim
355 4477 436 4529 etiem
455 4478 544 4545 Asper
562 4479 709 4545 intelligit,
728 4478 794 4529 licet
812 4477 861 4528 elii
878 4478 1006 4528 custodias
1024 4477 1212 4527 accusativum
1232 4474 1344 4527 velint’

1095 4559 1138 4622 91
