3276 5050
310 383 371 448 132
587 370 591 386 ²
755 407 1001 454 rnoccoonuam.

309 601 312 610 ·
393 574 426 636 ln
454 576 664 650 distinguendo
692 583 772 637 textu
802 576 903 638 sobrio
933 596 966 638 ac
994 577 1120 657 simplici
1150 597 1222 639 usus
1252 588 1298 639 est
1324 580 1450 640 iudicio:
1480 630 1491 639 .
1539 657 1542 666 Ι

310 681 394 738 recte
418 675 550 738 distinxit
572 679 603 736 in
625 695 671 756 ge.
696 677 722 738 ll
744 674 808 739 324
829 680 918 740 ‘vere
941 686 1057 741 tument
1077 683 1209 750 terrae'‚
1233 687 1265 741 ut
1287 680 1453 742 subiectum

309 785 529 850 essetterree,
553 780 624 840 item
646 781 717 842 Aen.
743 779 795 840 llll
820 776 895 851 178,
920 780 956 841 de
980 799 1038 859 quo
1060 781 1125 842 loco
1149 783 1179 841 in
1203 780 1325 842 Cornuti
1349 783 1452 844 studiis

308 879 522 942 adumbrandis
557 882 627 952 dixi,
666 881 893 964 comprehendit
926 887 975 944 tre
1006 888 1133 945 inritata
1164 885 1304 959 deorum,
1340 903 1452 964 curque

302 982 413 1066 Terra,
431 983 539 1044 Famae
556 1003 677 1064 parens,
694 986 767 1045 irata
783 984 847 1046 deis
863 984 940 1046 dicta
956 995 1034 1047 esset
1049 986 1186 1066 exposuit
1201 985 1302 1064 (schol.
1321 985 1449 1063 Veron).
1502 1063 1504 1067 Ι

307 1083 386 1160 Scite
420 1086 559 1164 coniungi
574 1079 577 1086 ’
593 1085 684 1148 voluit
706 1088 777 1148 Aen.
800 1085 840 1146 lX
862 1083 904 1148 30
938 1087 1031 1148 ‘altus
1067 1105 1121 1166 per
1157 1089 1279 1148 tacitum
1307 1087 1451 1166 Ganges',

308 1204 373 1248 cum
408 1186 473 1248 aliis
506 1190 650 1266 ‘surgens
681 1207 736 1268 per
766 1189 901 1248 tacitum'
930 1191 1029 1268 potius
1057 1189 1214 1268 placuerit:
1249 1187 1451 1269 pulcherrime

308 1289 413 1350 incidit
447 1289 611 1352 orationem
644 1291 715 1351 Aen.
750 1289 788 1350 Xl
816 1287 879 1352 359
911 1299 979 1370 post
1012 1289 1146 1360 ‘cedat’,
1181 1301 1214 1353 ut
1241 1291 1451 1369 subsequentia

307 1391 372 1452 ‘ius
405 1393 581 1471 proprium’
614 1391 782 1472 penderent
815 1411 832 1452 a
864 1392 955 1453 verbo
989 1393 1164 1454 ‘remittat'.
1220 1393 1257 1454 Et
1289 1395 1451 1454 Arusianus

311 1494 428 1555 Messus
451 1496 500 1573 qui
521 1513 550 1574 p.
574 1490 637 1554 249
659 1493 691 1554 L.
716 1493 845 1556 laudavit
867 1497 1059 1572 ‘veniamque
1082 1514 1202 1556 oremus
1229 1495 1266 1556 ab
1293 1497 1372 1575 ipso:
1402 1514 1449 1556 ce·

306 1595 373 1656 dat'
408 1596 534 1658 candem
570 1603 689 1657 secutus
723 1604 768 1657 est
800 1598 955 1658 rationem.
1012 1597 1054 1657 lle
1082 1596 1288 1676 distinguenda
1317 1599 1450 1658 oratione

307 1700 395 1760 etiam
418 1701 489 1760 Aen.
513 1699 539 1759 X
560 1694 622 1760 567
652 1697 857 1769 dubitabatur,
886 1699 937 1760 ubi
960 1702 1107 1777 Asprum,
1142 1701 1194 1779 qui
1222 1704 1319 1775 ignem
1348 1698 1449 1760 oribus

306 1800 538 1882 pectoribusque
553 1802 717 1878 Aegaeonis
732 1801 885 1862 ardentem
902 1803 1017 1862 animae
1034 1819 1069 1860 ex
1089 1802 1200 1862 lerocia
1224 1801 1352 1862 calorem
1368 1807 1450 1862 recte

305 1903 516 1982 interpretatus
532 1904 570 1963 sit
583 1903 698 1982 (Seru),
717 1904 907 1964 manifestum
924 1911 968 1964 est
983 1921 1107 1983 pausam
1122 1904 1230 1965 iecisse
1244 1912 1313 1984 post
1327 1902 1449 1964 verbum

306 2007 434 2078 arsisse,
459 2022 515 2065 nec
538 2007 636 2080 ionem
658 2005 752 2081 Iovis,
778 2005 829 2066 sed
849 2005 984 2079 fulmine
1005 2007 1085 2067 Ionis
1107 2007 1305 2068 coniunxisse.
1350 2005 1450 2084 ltaque

307 2106 464 2167 admodum
488 2107 645 2186 probabile
668 2107 792 2181 videtur,
817 2107 1035 2168 adnotationem
1059 2107 1094 2167 ad
1118 2107 1197 2168 bunc
1219 2126 1348 2178 versum,
1373 2123 1449 2185 quae

306 2209 336 2268 in
362 2208 480 2269 schedis
503 2209 724 2270 Veronensibus
754 2218 853 2279 extat,
880 2228 1014 2290 quaeque
1043 2211 1073 2268 in
1103 2209 1157 2270 bac
1185 2209 1247 2288 ipsa
1277 2210 1449 2287 quaestione

306 2319 451 2380 versatur,
477 2305 537 2372 non
563 2331 598 2372 ex
621 2312 783 2381 Hateriani,
809 2319 841 2372 ut
861 2312 955 2372 Maius
978 2312 1145 2387 suspicatus
1168 2318 1222 2381 est,
1247 2311 1298 2371 sed
1321 2317 1354 2370 ut
1375 2309 1449 2370 aliae

308 2420 353 2472 sat
375 2412 483 2473 multae
508 2431 542 2474 er
565 2415 652 2493 Aspri
675 2415 888 2473 commentario
912 2412 1095 2490 desumptam
1119 2429 1194 2472 esse.
1244 2411 1278 2472 ln
1301 2429 1358 2489 qua
1381 2430 1448 2472 cum

305 2513 442 2575 laudetur
460 2516 532 2576 Aen.
557 2515 569 2575 l
592 2512 634 2575 42
657 2517 739 2594 ‘ipsa
761 2515 836 2574 lovis
859 2514 994 2593 rapidum
1017 2513 1140 2574 iaculata
1157 2531 1172 2573 e
1187 2513 1311 2574 navibus
1326 2515 1448 2593 ignem',

307 2614 466 2676 videndum
489 2635 559 2676 num
589 2618 677 2677 etiam
707 2633 782 2694 quae
811 2615 848 2675 de
871 2615 946 2676 lovis
973 2611 1099 2675 lulmine
1130 2615 1208 2695 apud
1231 2615 1367 2677 Servium
1395 2616 1447 2676 do·

305 2724 410 2776 centur
453 2735 487 2778 ex
519 2717 622 2778 eodem
651 2720 733 2779 lonte
761 2717 864 2778 bansta
893 2719 962 2778 sint.
1010 2716 1150 2778 Addenda
1183 2736 1258 2797 quae
1284 2718 1451 2780 Macrobius

304 2819 327 2878 V
349 2814 400 2887 22,
425 2815 444 2880 8
468 2818 558 2880 babet
581 2820 618 2880 de
642 2820 747 2881 eodem
769 2819 843 2880 loco.
894 2819 946 2880 llis
974 2818 1113 2880 omnibus
1141 2827 1238 2881 autem
1270 2821 1342 2882 locis
1363 2823 1450 2902 Aspri

304 2901 454 2982 distinctio
477 2929 595 3001 recepta
620 2923 718 2982 estin
743 2921 852 2982 librum
876 2920 1051 2982 Mediceum.

371 3021 447 3084 'Sed
472 3023 549 3084 idem
572 3023 622 3084 ille
650 3025 731 3085 sanis
759 3024 833 3084 locis
863 3039 968 3085 sanum
998 3030 1027 3084 et
1053 3024 1118 3103 ipsc
1145 3042 1266 3085 sensum
1292 3031 1448 3104 praestans

304 3127 515 3202 grammaticus
537 3126 567 3186 in
590 3133 733 3206 corrupto
757 3126 904 3190 versiculo
926 3127 999 3186 Aen.
1026 3122 1146 3186 111403
1175 3125 1303 3187 malebat
1324 3126 1448 3186 credere

304 3227 467 3289 ‘adfectata
500 3233 668 3289 structura'
699 3237 803 3306 quarto
832 3228 898 3289 loco
926 3229 1051 3307 positam
1082 3246 1148 3288 esse
1174 3227 1350 3307 particulam
1381 3231 1446 3288 ‘et'

307 3327 407 3406 (idque
436 3331 586 3408 persuasit
608 3331 769 3410 Prisciano)
800 3349 887 3410 quam
916 3329 1021 3390 sordes
1049 3329 1233 3391 emendando
1266 3330 1447 3409 abstergere.

304 3430 437 3507 Cumque
461 3431 605 3510 exemplis
628 3417 730 3494 uta'tur
750 3435 822 3494 Aen.
847 3429 950 3494 11369
973 3428 1144 3503 11171254,
1170 3432 1296 3495 dicimus
1320 3431 1447 3494 eundem

302 3530 362 3590 illic
381 3549 539 3609 pavorque
561 3551 615 3610 pro
639 3552 674 3594 eo
698 3533 776 3612 quod
799 3535 830 3594 in
860 3535 970 3594 nostris
998 3533 1083 3595 libris
1111 3534 1250 3596 omnibus
1274 3543 1319 3596 est
1341 3551 1443 3612 pavor

303 3631 410 3710 legisse
431 3652 551 3712 pravam
574 3633 688 3696 scilicet
710 3637 797 3696 metri
819 3652 907 3697 causa
929 3637 1133 3701 coniecturam
1156 3645 1302 3698 secutum.
1406 3624 1409 3630 ’

387 3734 561 3796 Transimus
584 3734 619 3795 ad
644 3754 708 3797 eam
731 3739 1011 3798 commentariorum
1034 3747 1162 3818 partem,
1192 3756 1267 3818 quac
1296 3735 1331 3800 ad
1355 3741 1447 3799 inter·

299 3839 499 3911 pretationem
528 3839 655 3898 maxime
677 3839 842 3919 spectabat;
879 3857 1002 3917 eamque
1030 3840 1241 3919 praevaluisse·
1257 3841 1297 3900 ita
1326 3847 1357 3900 ut
1386 3841 1445 3901 col·

302 3937 387 3998 lectis
419 3937 578 4018 diligenter
607 3947 775 4002 ceterorum
804 3943 1001 4021 interpretum
1035 3941 1224 4020 opinionibus
1256 3945 1383 4004 maxime
1416 3950 1448 4004 ut

302 4038 548 4116 intellegerentur
571 4042 701 4103 carmina
725 4051 857 4112 curaret,
887 4042 1031 4121 llerglsius
1054 4042 1170 4122 ephem.
1194 4045 1340 4124 antiquitt.
1366 4041 1448 4107 1845

301 4160 330 4219 p.
358 4137 418 4202 118
447 4160 482 4202 ex
506 4143 679 4224 Hieronymi
709 4143 787 4223 apol.
820 4164 845 4204 c.
870 4143 965 4204 [infin.
995 4140 1058 4204 495
1087 4153 1116 4205 et
1137 4147 1290 4224 Augustini
1317 4147 1353 4207 de
1382 4147 1445 4208 util.

302 4243 384 4303 cred.
410 4263 435 4304 c.
464 4241 500 4304 17
525 4246 629 4306 elleeit.
684 4245 827 4325 Exposuit
855 4247 944 4324 igitur
972 4245 1008 4306 de
1037 4247 1187 4308 vocabulis
1215 4251 1311 4310 sinum
1341 4248 1445 4328 (schol.

303 4344 411 4426 ¹Veron.
435 4345 470 4408 ad
495 4346 548 4428 ecl,
574 4346 623 4408 Vll
645 4335 686 4408 33
710 4347 776 4408 coll.
793 4347 904 4418 Servio,
929 4347 1080 4410 Prisciano
1103 4345 1165 4412 714
1187 4350 1283 4410 Nonio
1305 4346 1444 4430 547,18)

300 4451 406 4514 solium
431 4448 521 4527 (Serv.
546 4451 618 4514 Aen.
644 4447 902 4520 Vll169lernor
931 4451 1034 4532 (schol.
1059 4451 1166 4513 Veron.
1189 4455 1261 4516 Aen.
1291 4441 1358 4514 7111
1385 4449 1444 4514 106
