3212 5042
495 1493 923 1576 PRAEFATIO.

632 1764 783 1774 ..nn—-

209 2035 466 2120 Prolegomenis
493 2073 532 2082 —
561 2037 631 2102 sive
659 2035 883 2122 epilegomena
927 2035 1026 2100 males
1060 2038 1167 2101 dicere
1196 2060 1279 2122 quae

125 2139 203 2203 olim
226 2137 409 2224 promissa,
432 2137 619 2201 intermissa
642 2159 739 2222 saepe
762 2145 795 2200 et
817 2137 898 2200 satis
921 2137 1020 2219 longa
1041 2159 1100 2222 per
1122 2147 1278 2222 tempora,

124 2241 212 2303 inter
237 2259 409 2303 armorum
437 2235 575 2322 denique
602 2236 778 2302 tumultum
806 2237 848 2300 ad
876 2236 972 2300 finem
995 2237 1135 2300 deducta
1162 2247 1278 2321 quarto

124 2351 201 2424 post
231 2337 424 2404 absolutam
451 2347 559 2402 textus
590 2338 764 2403 editionem
798 2359 881 2401 anno
910 2337 1043 2402 tandem
1071 2347 1279 2422 exponuntur

124 2441 234 2524 magis
265 2461 368 2524 quam
398 2439 590 2504 emittuntur
621 2476 663 2485 -
696 2437 970 2524 comprehendere
997 2437 1087 2502 volui
1120 2439 1278 2524 quidquid

129 2539 340 2624 Vergilianis
367 2540 564 2604 carminibus
598 2540 674 2604 inde
710 2540 752 2604 ab
787 2541 890 2624 ipsius
921 2538 1063 2602 auctoris
1093 2561 1191 2602 manu
1220 2562 1278 2624 per

127 2641 243 2704 decem
267 2639 408 2725 amplius
432 2639 561 2703 saecula
588 2639 748 2704 accidisse
775 2640 943 2721 novimus,
972 2662 1036 2704 non
1058 2648 1095 2703 ut
1116 2639 1160 2703 ad
1181 2641 1277 2704 huius

127 2751 261 2804 tantum
297 2749 416 2825 poetae
450 2749 577 2804 textum
611 2740 789 2824 prudenter
822 2762 859 2804 ac
886 2741 1017 2806 fortiter
1044 2740 1278 2804 recensendum

127 2840 273 2904 solidum
303 2848 485 2904 strueretur
508 2840 774 2922 fundamentum,
803 2839 862 2904 sed
882 2850 919 2904 ut
940 2839 1105 2905 luculento
1128 2840 1276 2926 exemplo

129 2942 231 3005 etiam
255 2941 502 3026 inperitioribus
527 2950 716 3026 appareret,
745 2961 843 3024 quarn
866 2940 966 3005 dubia
988 2941 1052 3005 fide
1074 2940 1127 3005 vel
1148 2943 1276 3006 ferven-

126 3042 266 3106 tissimis
300 3041 585 3124 grammaticorum
618 3040 913 3106 illustrissimorum
946 3042 1064 3105 studiis
1094 3050 1126 3104 et
1152 3042 1276 3125 magni-

127 3141 343 3206 ficentissimo
387 3141 621 3226 exemplarium
664 3141 871 3206 venerandae
905 3141 1080 3206 vetustatis
1117 3151 1277 3226 apparatu

129 3241 318 3326 integritati
346 3243 541 3326 scriptorum
570 3243 777 3328 antiquorum
811 3243 992 3315 servandae
1024 3241 1193 3326 provisum
1222 3241 1275 3305 sit.

128 3342 195 3406 Sed
225 3343 301 3427 ipsa
328 3342 438 3405 studia
469 3341 526 3404 illa
561 3341 727 3427 aliquanto
763 3342 891 3427 plenius
925 3343 1070 3405 enarrari
1098 3351 1131 3406 et
1157 3343 1274 3407 rectius

129 3443 299 3508 aestimari
321 3443 522 3528 potuissent,
538 3443 566 3504 si
580 3444 727 3527 perfecta
742 3453 808 3507 tam
824 3443 1120 3526 grammaticorum,
1137 3465 1275 3529 quorum

129 3567 250 3629 corpus
266 3541 311 3606 H.
326 3542 454 3606 Keilius
476 3543 642 3627 praeclare
664 3543 839 3624 incohavit,
863 3567 959 3643 quam
983 3544 1179 3609 scholiorum
1195 3545 1275 3607 Ver-

129 3645 329 3728 gilianorum
353 3643 579 3708 emendatione
602 3665 724 3726 eorum,
749 3666 886 3730 quorum
907 3645 1027 3728 integri
1050 3645 1275 3710 commentarii

129 3745 310 3830 perierunt,
333 3742 491 3828 reliquiae
514 3766 556 3807 ex
577 3744 724 3809 fontibus
748 3746 814 3808 suis
839 3744 998 3808 deductae
1021 3755 1053 3809 et
1070 3745 1104 3808 in
1119 3745 1274 3810 eruditio-

129 3845 180 3908 nis
203 3843 336 3909 illorum
357 3852 541 3930 temporum
569 3845 737 3909 historiam
765 3845 918 3910 redactae
944 3846 1093 3911 fuissent.
1137 3847 1273 3909 Interim

131 3945 364 4010 Servianorum
391 3944 594 4030 quorundam
623 3945 768 4011 locorum
790 3946 900 4009 varias
929 3945 1081 4010 lectiones
1105 3969 1147 4010 ex
1169 3947 1271 4032 copiis

131 4047 199 4109 suis
222 4044 320 4110 solita
342 4043 538 4110 liberalitate
561 4047 724 4132 prompsit
746 4046 914 4111 Gustatus
937 4046 1044 4128 Thilo,
1069 4046 1108 4110 de
1130 4049 1272 4112 Beruen-

131 4146 222 4210 sibus
250 4154 358 4209 autem
393 4144 524 4210 scholiis
558 4148 727 4232 quaerenti
762 4147 960 4211 amicissime
992 4147 1161 4233 respondit
1188 4147 1271 4211 Hor-

131 4269 269 4310 mannus
285 4245 422 4330 Hagen,
446 4248 497 4310 cui
520 4268 594 4310 cum
618 4246 762 4332 singulas
786 4248 881 4311 huius
897 4246 973 4312 libri
994 4246 1143 4332 plagulas
1166 4257 1270 4312 trans·

130 4347 216 4411 mitti
237 4345 389 4410 iusserim
417 4346 532 4413 doctas
562 4347 720 4434 quasdam
749 4348 851 4413 debeo
881 4348 1122 4428 adnotationes,
1151 4349 1269 4433 quibus

129 4457 260 4538 praeter
282 4451 427 4512 addenda
448 4451 503 4514 vel
525 4455 708 4530 corripendo
730 4447 795 4513 alia
816 4449 869 4513 hio
890 4448 997 4517 locum
1019 4470 1091 4522 esse
1113 4446 1213 4515 volui.
