3276 5050
299 399 361 464 154
745 421 991 463 euoenoouaun.

298 590 401 652 eadem
423 591 538 652 ratione
561 589 639 669 apud
656 587 815 674 Vergilium
831 585 998 666 pollicitu's
1020 590 1226 658 surrexissem,
1251 589 1444 650 ‘archaismo'

242 762 246 778 ,
297 692 410 754 scilicet
433 691 601 752 nitidissimi
622 699 729 769 poetae
753 709 923 752 sermonem
946 691 1117 769 corrupisse
1133 691 1281 770 Bergkius
1298 693 1443 768 queritur.

381 793 586 855 Archaismum
610 792 730 870 quidem
753 811 841 873 quem
857 793 934 854 dicat
949 794 1066 855 nescio:
1091 811 1127 853 ex
1142 792 1280 855 familiari
1296 812 1444 863 sermone,

299 897 337 958 de
360 914 420 974 qno
435 894 616 957 Ritschelins
638 893 708 954 olim
731 895 762 954 in
784 895 919 975 prolcgg.
936 896 1104 956 Trinummi
1125 915 1155 975 p.
1179 894 1253 956 CVII
1276 911 1320 972 sq.
1344 894 1444 974 dispu-

298 1000 375 1070 tavit,
398 1000 556 1076 repetitam
580 996 752 1057 vocularum
780 1004 824 1058 est
853 1006 881 1058 et
908 1015 940 1059 es
961 996 1139 1077 aphaeresin
1168 996 1266 1066 rideo,
1300 997 1352 1058 sed
1380 1015 1444 1058 eam

296 1101 432 1181 plurimis
456 1098 601 1178 exemplis
629 1118 645 1160 a
669 1096 821 1178 dactylicis
844 1101 940 1179 poetis
962 1106 1022 1161 tam
1044 1118 1152 1161 aureae
1174 1117 1264 1180 quam
1287 1107 1446 1177 argenteae

296 1203 401 1265 aetatis
425 1209 585 1280 receptam.
630 1202 671 1262 Ac
698 1203 804 1262 tertiae
831 1220 979 1281 personae
1007 1201 1200 1263 coalescentis
1229 1220 1297 1262 curn
1326 1209 1444 1264 antece·

298 1305 380 1365 denti
408 1302 552 1365 vocabulo
582 1301 718 1382 exenrpla
742 1303 908 1382 Vergiliana
938 1312 968 1364 et
997 1305 1164 1383 Wagneru's
1195 1303 1327 1382 orthogr.
1358 1305 1445 1382 Verg.

296 1403 360 1468 433
382 1423 426 1484 sq.
450 1405 587 1466 tractarit
609 1412 639 1464 et
661 1423 678 1465 a
700 1423 749 1470 me
765 1405 890 1466 collecta
912 1407 1046 1466 invenies
1068 1407 1100 1466 in
1122 1406 1229 1467 indice.
1259 1406 1320 1466 Nec
1342 1425 1445 1486 repre-

298 1507 401 1570 hendit
425 1507 633 1568 lachmannus
656 1507 693 1568 ad
715 1506 803 1568 Lucr.
828 1503 870 1568 66
886 1526 929 1587 sq.
955 1503 1015 1568 199
1031 1525 1075 1586 sq.
1100 1516 1150 1569 aut
1163 1507 1313 1570 Lucienus
1328 1507 1446 1568 Molitor

299 1609 368 1672 ann.
401 1608 516 1688 philoll.
552 1605 633 1670 1857
667 1629 696 1688 p.
719 1605 781 1670 481
805 1628 868 1689 sqq.
905 1617 934 1669 et
967 1609 1004 1669 de
1037 1627 1072 1670 rc
1105 1611 1229 1671 metrica
1257 1629 1286 1690 p.
1317 1607 1380 1671 302
1403 1629 1446 1689 sq.

299 1711 448 1773 secundae
476 1729 621 1790 personae
649 1719 719 1790 po'st
746 1710 878 1773 vocalem
913 1711 1105 1791 aphaeresin,
1140 1730 1227 1792 quam
1258 1711 1390 1774 Catullus
1415 1713 1447 1772 in

269 1810 462 1890 pollicitus
487 1811 579 1874 mca's
601 1811 749 1891 adeptu's,
779 1813 955 1893 Propertius
982 1816 1013 1874 in
1042 1812 1140 1884 dcu's,
1170 1813 1311 1875 Martialis
1338 1815 1368 1873 in
1398 1832 1446 1874 ve·

298 1914 385 1978 tulo’s
420 1913 538 1990 sntua’s
571 1913 684 1976 bomo’s
716 1915 821 1976 formis
853 1918 985 1995 quamvis
1016 1935 1086 1976 raro
1120 1915 1312 1977 admiserunt.
1369 1914 1447 1987 Quid

299 2017 380 2098 qnod
423 2016 500 2096 apud
537 2015 684 2079 Catullum
727 2017 760 2077 in
797 2017 1052 2098 hendecasyllabis
1092 2018 1186 2080 XXlll
1222 2014 1263 2078 27
1300 2017 1448 2096 Bergkius

296 2122 361 2200 ipse
394 2123 452 2180 iam
485 2122 559 2181 sutis
591 2117 705 2180 bectu's
738 2119 830 2180 scribi
851 2120 955 2181 iussit‘l
997 2139 1035 2182 ne
1069 2120 1166 2180 dicam
1199 2119 1235 2180 de
1258 2120 1364 2190 Ennio,
1399 2120 1448 2180 cui

296 2221 445 2283 Vahlenus
472 2219 587 2294 fretu's
621 2220 699 2300 (ann.
723 2218 775 2299 29)
806 2222 1025 2282 restituendum
1055 2240 1121 2283 esse
1150 2222 1279 2282 coniecit
1308 2222 1339 2280 in
1369 2239 1445 2281 mus.

298 2323 393 2384 Rhen.
417 2323 482 2384 XVl
502 2319 576 2385 574.
626 2307 712 2402 Apud
736 2321 899 2400 Vergilium
922 2331 1021 2384 autem
1046 2325 1201 2400 pollicitus
1230 2341 1285 2402 pro
1317 2321 1448 2384 secunda

299 2443 429 2506 persona
452 2425 579 2504 perlecti
601 2443 661 2485 non
683 2425 781 2484 minus
804 2433 886 2485 cerlo
914 2424 1085 2487 babendum
1109 2443 1197 2502 quam
1219 2443 1328 2487 exosus
1350 2427 1380 2485 in
1402 2424 1449 2485 his

297 2531 371 2589 Aen.
396 2526 418 2608 l'
441 2523 502 2588 687
527 2526 680 2604 ‘luppiter
703 2527 906 2606 omnipotens,
936 2529 961 2587 si
988 2527 1121 2588 nondum
1151 2537 1269 2588 exosu's
1297 2525 1333 2587 ad
1355 2545 1447 2586 unum

302 2629 460 2689 Troianos’
486 2634 515 2688 et
536 2630 664 2689 laetatus
679 2628 751 2688 inll
774 2625 835 2690 827
859 2635 958 2691 ‘arma
982 2629 1089 2706 quihus
1111 2626 1248 2690 loetutu’s
1269 2628 1347 2690 habe
1369 2631 1447 2690 tua'.

302 2728 390 2792 Nullo
424 2729 530 2790 horum
559 2728 695 2790 locorum
724 2731 838 2810 antiqui
865 2733 1046 2809 interpretes
1077 2731 1236 2809 quidquam
1270 2729 1450 2790 difficultatis

300 2851 366 2894 esse
389 2840 558 2892 senserunt,
603 2831 664 2892 lam
687 2833 778 2910 igitar
801 2833 882 2912 optio
905 2832 981 2903 data,
1006 2841 1105 2894 utrum
1129 2833 1211 2903 dura,
1236 2839 1269 2893 ut
1289 2815 1449 2911 mihi'qui·

299 2934 367 2995 dem
390 2933 516 3005 videtur,
540 2951 597 2995 nec
620 2935 748 2996 omissae
770 2936 876 2996 tertiae
898 2935 982 2996 verbi
998 2935 1173 2996 substantivi
1184 2932 1334 3015 'personae
1350 2951 1449 2994 exem-

298 3036 355 3118 plis
364 3036 392 3116 *l
415 3037 486 3096 satis
509 3043 657 3106 excusata,
683 3055 749 3098 cnm
772 3038 803 3097 in
825 3036 872 3098 his
897 3037 933 3098 de
956 3039 1102 3098 sententia
1119 3037 1247 3098 dubitari
1269 3054 1329 3096 non
1345 3037 1448 3115 possit,

238 3147 240 3152 ’
301 3139 442 3200 omissam
465 3139 512 3199 bis
534 3136 608 3200 locis
630 3137 765 3200 voculam
787 3157 818 3200 es
840 3158 877 3200 an
907 3139 1053 3200 coaluisse
1080 3141 1110 3200 in
1144 3139 1292 3218 scriptura
1320 3156 1448 3218 qnoque,

308 3249 342 3302 ut
363 3241 429 3301 lieri
452 3240 566 3302 solebat
586 3243 617 3301 in
640 3241 893 3321 pronuntiatione,
918 3250 1091 3302 statuamus

385 3338 447 3405 Iam
470 3341 710 3403 Vindobonensis
737 3342 788 3403 ille
817 3343 940 3403 criticus
968 3361 1025 3403 nec
1054 3344 1228 3404 asteriscum
1252 3360 1307 3402 nee
1330 3340 1450 3402 obelum

301 3447 451 3525 utrimque
485 3445 664 3524 adpunctum
692 3446 754 3505 sive
789 3443 964 3505 lemniscum
1001 3432 1132 3523 (ὀβελόν
1164 3437 1449 3522 περιεστιγμένον)

305 3566 340 3607 ea
362 3549 478 3608 ratione
501 3565 557 3625 qua
581 3545 655 3606 alios
678 3547 845 3625 accepimus
866 3563 1012 3624 usurpare
1035 3545 1138 3607 solitos
1160 3546 1274 3625 posuit:
1303 3564 1370 3606 nam
1395 3564 1450 3606 nec

300 3648 337 3708 de
366 3646 589 3727 transponendo
618 3665 673 3708 nec
700 3653 729 3707 te
760 3645 889 3708 tollendo
919 3666 1006 3709 versu
1035 3654 1153 3728 poterat
1182 3648 1320 3726 cogitare.
1372 3646 1451 3708 Num

300 3748 530 3829 Aristophanem
563 3755 684 3810 secutus
716 3751 786 3829 qnia
819 3755 939 3810 sensum
978 3751 1083 3811 deesse
1120 3749 1244 3830 putabat
1276 3750 1449 3810 asteriscum

252 3863 254 3867 ’
300 3852 450 3932 posuerit,
485 3848 682 3912 dubitaveris:
724 3854 836 3913 rectius
870 3853 975 3914 lsidori
1014 3859 1175 3932 praecepto
1212 3859 1350 3920 utemur,
1390 3868 1450 3928 quo

310 4074 612 4082 μ

368 4225 393 4294 *)
413 4228 471 4294 Eia,
496 4236 565 4293 quae
590 4227 765 4293 oWagnero
789 4228 824 4278 ad
847 4227 896 4278 ecl.
921 4227 935 4277 1
957 4228 991 4277 ol
1013 4231 1042 4278 et
1059 4227 1088 4277 in
1112 4228 1231 4292 quaesti.
1247 4225 1372 4291 ‘Vergili
1399 4226 1448 4276 XV

304 4313 422 4365 collecta
440 4317 511 4372 sunt,
531 4311 657 4363 addendo
675 4326 718 4375 ge.
737 4305 924 4364 1112355271
944 4315 972 4362 et
989 4311 1058 4363 Aen.
1078 4313 1120 4362 III
1138 4312 1188 4362 236
1206 4309 1296 4360 ‘haud
1314 4326 1394 4362 secus
1414 4326 1448 4361 ac
1493 4311 1496 4316 ’

301 4399 372 4450 iussi
390 4399 521 4452 faciunt'.
564 4398 654 4448 Unum
682 4398 776 4448 omissi
802 4399 863 4448 estis
890 4396 1045 4461 exemplum
1072 4397 1137 4448 novi
1154 4396 1222 4446 rhen.
1241 4395 1265 4444 V
1284 4397 1332 4446 192
1360 4400 1449 4446 ‘nunc

301 4483 367 4536 illas
385 4484 502 4550 promite
520 4484 602 4548 vires,
619 4497 693 4533 nuno
706 4483 820 4544 animos,
839 4481 938 4548 quibus
950 4481 980 4532 in
993 4482 1121 4534 Gaetulis
1135 4481 1263 4546 Syrtibus
1276 4480 1336 4530 usi’
1350 4496 1374 4533 e.
1385 4495 1411 4546 q.
1426 4495 1448 4533 s.
