3276 5050
311 377 352 442 98
758 397 1005 443 enonuoouuun

311 569 460 642 orificium
475 566 620 648 patet’*).
651 565 831 637 Cornelium,
849 573 947 627 autern
971 585 1030 627 non
1047 567 1175 639 Celsum,
1192 571 1353 646 georgicon
1368 571 1460 630 iuter·

310 678 438 749 pretem,
464 669 540 739 dico,
564 671 616 748 qui
639 685 676 729 ne
698 670 763 749 ipse
785 668 904 748 quidem
927 668 1049 746 Vergilii
1072 671 1142 730 satis
1164 670 1296 749 aequalis
1318 671 1384 742 luit,
1408 671 1460 732 sed

311 775 434 848 Gallum
457 771 737 842 familiarissimum,
761 779 881 850 poetam
906 778 935 830 et
957 778 1122 842 oratorem,
1153 773 1204 850 qui
1228 770 1273 831 vel
1295 775 1460 834 carminum

308 874 377 935 loco
401 874 509 954 aliquo,
534 875 590 934 nisi
614 873 671 934 alia
698 873 829 950 reliquit,
853 874 1026 950 aenigmatis
1047 873 1127 933 illius
1154 879 1252 952 potest
1278 877 1459 938 mentionem

309 971 425 1038 iecisse.
477 977 617 1037 Ceterum
645 975 724 1054 apud
746 975 963 1056 Philargyrium
987 992 1063 1052 quae
1090 974 1231 1052 leguntur
1259 975 1360 1037 hausta
1391 984 1461 1038 sunt

312 1098 347 1140 ex
372 1077 407 1150 Q.
431 1079 550 1139 Asconii
578 1077 701 1139 Pediani
729 1085 833 1139 contra
860 1077 980 1156 Vergilii
1010 1076 1227 1138 obtrectatores
1254 1077 1460 1150 libro„cuius

225 1251 227 1255 ¹
308 1183 374 1260 ipsa
397 1180 486 1240 verba
510 1179 599 1260 paulo
626 1186 695 1258 post
723 1185 752 1238 et
779 1180 810 1239 in
838 1179 897 1239 illis
926 1185 955 1240 et
977 1181 1007 1239 in
1031 1179 1182 1240 Servianis
1206 1187 1235 1240 et
1256 1180 1460 1241 Bernensibus

310 1281 431 1342 scholiis
454 1287 641 1362 repetuntur.
692 1279 757 1341 Non
785 1282 864 1341 enim
893 1281 977 1341 video
1007 1300 1062 1342 cur
1088 1281 1204 1342 diversa
1233 1281 1268 1342 ab
1297 1282 1355 1342 illis
1384 1300 1459 1360 quae
1486 1333 1489 1340 ,

312 1402 405 1463 supra
428 1382 574 1462 descripsi
595 1383 642 1444 his
663 1381 842 1462 Philargyrii
864 1381 899 1443 ad
923 1381 943 1444 l.
966 1381 985 1442 l.
1014 1383 1114 1444 verbis
1142 1385 1289 1444 contineri
1311 1384 1460 1445 Madvicus

309 1488 341 1546 in
365 1485 441 1565 disp.
467 1485 504 1546 de
527 1485 646 1555 Asconii
669 1485 892 1544 commentariis
914 1503 943 1563 p.
967 1482 987 1546 8
1012 1485 1077 1546 adn.
1102 1487 1268 1564 putaverit:
1295 1487 1383 1546 ‘item
1405 1489 1458 1547 As·
1524 1499 1528 1506 ·

311 1590 415 1648 conius
430 1587 579 1649 Pedianus
601 1589 642 1646 ait
664 1605 696 1647 se
719 1586 838 1648 audisse
853 1587 1016 1664 Vergilium
1039 1587 1185 1649 dicentem
1208 1589 1238 1647 in
1261 1587 1318 1648 hoc
1340 1588 1458 1648 iocose

310 1691 514 1769 grammaticis
537 1708 656 1750 crucem
679 1689 795 1749 fixisse:
829 1690 1017 1768 quaesituros
1045 1709 1110 1760 eos,
1147 1691 1172 1750 si
1200 1689 1269 1768 quid
1300 1690 1459 1751 studiosius

311 1789 525 1853 occultaretur.
572 1791 644 1852 dicit
666 1797 763 1851 autem
787 1798 874 1870 poeta
899 1791 1031 1853 Coelium
1053 1787 1332 1869 Maritiranrrm’**).
1384 1793 1457 1852 Nam

311 1894 415 1954 ultima
437 1911 556 1974 quoque
572 1893 690 1954 Asconii
712 1910 777 1952 esse
801 1893 888 1954 docet
903 1894 998 1953 Servii
1020 1893 1171 1979 adnotatio
1194 1892 1347 1954 verhosior
1369 1893 1456 1954 haec:

263 2019 265 2024 ¹
307 1998 404 2057 ‘sane
426 1996 501 2056 haec
525 1997 659 2073 quaestio
682 1997 761 2055 varia
778 2002 832 2056 est.
856 2014 924 2056 nam
941 1976 990 2056 alii
1006 1995 1107 2054 dicunt
1128 1979 1294 2073 significare
1318 2014 1386 2057 eum
1410 2016 1456 2058 se·

308 2097 445 2178 pulcrum
471 2100 568 2160 Caelii
589 2097 736 2158 luxuriosi
766 2097 936 2166 cuiusdam,
966 2099 1016 2176 qui
1046 2097 1172 2157 venditis
1206 2097 1344 2158 omnibus
1367 2098 1457 2159 rebus

307 2207 337 2260 et
361 2198 546 2281 consumptis
569 2207 683 2260 tantum
706 2199 795 2260 modo
818 2199 874 2260 sibi
889 2201 1016 2278 spatium
1037 2201 1198 2260 reservavit
1220 2199 1298 2276 quod
1320 2200 1457 2279 sepulcro

311 2303 471 2374 sufficeret,
497 2311 527 2362 et
548 2301 675 2362 voluisse
700 2319 766 2362 eum
791 2319 924 2362 errorem
947 2302 1048 2361 lacere
1071 2291 1107 2360 ex
1129 2301 1204 2362 caeli
1227 2309 1257 2361 et
1272 2301 1351 2361 Caeli
1374 2289 1454 2362 simi·

309 2403 443 2475 litudine,
467 2411 501 2466 ut
522 2405 574 2464 sit:
600 2403 648 2464 dic
671 2403 752 2474 mihi,
777 2403 897 2464 ubinam
922 2402 1056 2482 sepultus
1080 2411 1125 2464 est
1147 2402 1271 2472 Caclius,
1296 2403 1380 2463 cuius
1404 2405 1466 2472 tri·¹

310 2505 366 2566 hus
388 2506 470 2566 ulnis
493 2509 663 2567 continetur
686 2505 858 2586 sepulcrum
875 2553 882 2568 .
900 2552 907 2565 .
925 2551 931 2565 .
952 2505 1119 2566 .rlsconius
1141 2503 1287 2565 Pedianus
1310 2503 1395 2575 dicit,
1424 2522 1456 2564 se

308 2607 472 2685 Vergilium
497 2589 644 2669 dicentem
668 2607 800 2678 audisse,
829 2609 860 2668 in
888 2605 945 2666 hoc
968 2603 1033 2666 loco
1056 2625 1087 2668 se
1109 2608 1309 2684 grammaticis
1337 2625 1455 2667 crucem

311 2711 423 2779 fixisse,
448 2709 551 2771 volens
575 2711 714 2790 experiri,
739 2711 804 2787 quis
827 2727 930 2770 eorum
953 2707 1113 2769 studiosior
1135 2710 1332 2780 inveniretur,
1355 2709 1457 2769 volens

278 2888 281 2893 ¹
308 2810 433 2890 intelligi
456 2812 492 2872 de
516 2814 618 2874 Coelio
640 2811 814 2882 Mantuano,
846 2819 878 2896 ut
904 2829 994 2890 supra
1024 2810 1135 2872 dictum
1165 2813 1238 2871 est'
1281 2811 1454 2890 inquibus,

309 2933 377 2974 cum
394 2914 555 2975 Ascanium
578 2915 681 2991 uiginti
703 2915 768 2974 lere
791 2915 878 2974 annis
900 2920 969 2992 post
991 2921 1117 2974 mortem
1134 2911 1255 2991 Vergilii
1272 2921 1373 2973 naturn
1390 2932 1456 2974 esse

306 3014 479 3094 probaverit
501 2999 661 3085 Madvicns,
685 3034 809 3077 necesse
833 3023 878 3078 est
900 3022 1053 3076 auctorem
1076 3013 1202 3076 fabellae
1225 3015 1262 3074 ab
1276 3016 1403 3102 lisconio
1425 3017 1455 3074 in

307 3120 530 3178 commentariis
553 3118 680 3178 traditae
702 3117 893 3180 librariorum
917 3116 1001 3198 culpa
1023 3116 1234 3186 intercidisse,
1252 3115 1335 3176 illum
1358 3122 1454 3176 aertern

307 3219 382 3282 haec
404 3203 469 3281 lere
493 3239 529 3282 ex
552 3222 653 3282 nescio
677 3240 734 3301 quo
758 3219 888 3284 Cornelii
911 3219 988 3282 libro
1011 3219 1159 3280 hausisse:

390 3355 482 3417 ‘dicit
504 3357 661 3419 Cornelius
689 3376 721 3417 se
750 3356 867 3419 audisse
890 3355 1050 3434 Vergilium
1079 3353 1225 3414 dicentem
1254 3355 1284 3414 in
1307 3353 1365 3414 hoc
1387 3353 1466 3430 loco¹
1529 3398 1532 3402 -

305 3476 338 3518 se
362 3460 564 3536 grammaticis
588 3477 708 3520 crucem
731 3460 840 3528 fixisse,
863 3465 896 3517 ut
918 3459 1106 3536 experiretur
1129 3457 1196 3532 quis
1219 3475 1320 3516 eorum
1344 3457 1454 3517 studio-

304 3562 366 3621 sior
396 3561 591 3622 inveniretur.
636 3561 770 3638 tetigisse
798 3567 895 3620 autem
920 3557 1050 3620 Caelium
1073 3558 1263 3620 Mantuanum
1293 3559 1452 3638 quendam,

300 3664 368 3742 qui'
392 3682 418 3722 e.
442 3682 470 3743 q.
495 3683 518 3726 s.

305 3885 607 3894 -ῌ--ῄ-

368 4035 397 4103 *)
416 4037 523 4089 olediua
541 4040 566 4090 L
588 4034 691 4089 oiddius
711 4034 749 4103 (e.
769 4055 836 4091 corr.
856 4041 882 4088 in
900 4035 923 4104 i)
942 4039 967 4088 P
987 4035 1094 4088 enidius
1116 4038 1194 4092 schol.
1212 4035 1293 4089 Bern.
1363 4038 1446 4091 nasso

299 4127 327 4172 to
345 4120 434 4172 rificid
451 4125 476 4173 L
495 4139 539 4173 nn.
559 4139 597 4178 so.
617 4126 659 4174 ori
678 4123 770 4174 ficium
788 4126 871 4174 erucis
889 4139 902 4173 s
921 4130 945 4173 et
963 4125 975 4172 t
992 4125 1017 4172 P
1033 4138 1100 4172 naso
1118 4123 1351 4178 torificiumsedol.
1364 4126 1445 4177 Bern.

332 4208 386 4268 ait,
406 4208 473 4272 quia
491 4209 632 4260 Muellerus
650 4210 690 4260 ait
709 4209 754 4274 qui
771 4209 849 4260 codol.
868 4209 948 4260 Bern.
968 4213 1051 4272 atque
1064 4209 1114 4257 LP
1166 4201 1297 4258 orificium
1311 4227 1388 4274 erosa
1400 4214 1411 4259 t
1424 4211 1448 4259 P

298 4292 450 4373 torificinrn
463 4296 497 4356 L,
514 4295 567 4345 sed.
586 4295 666 4346 Bern.

348 4376 396 4444 **)
420 4379 451 4428 dt
477 4377 507 4446 (i.
527 4397 549 4435 e.
570 4380 671 4431 dicitur
689 4379 726 4448 P)
750 4386 799 4433 aut
820 4379 968 4449 proice-elii
985 4379 1139 4433 mantuani
1156 4382 1214 4444 LP,
1236 4381 1265 4430 in
1288 4379 1386 4444 quibus
1405 4379 1447 4430 al·

297 4469 385 4514 terum
405 4464 497 4515 Caelii
514 4481 614 4516 nomen
631 4465 721 4518 latere
739 4469 855 4522 videtur.
