3230 5046
624 433 866 477 rsousoounuu.
1256 409 1315 476 173

171 601 320 680 graphicis
348 597 439 660 rebus
467 617 542 678 quae
572 599 676 661 Scauri
704 603 863 663 auctoritas
890 602 993 671 luerit,
1029 603 1061 662 in
1087 601 1185 662 indice
1213 607 1316 662 nostro

171 701 335 782 apparebit.
421 773 423 778 .

581 961 583 964 -
694 921 790 1003 gn.

260 1106 400 1171 Onescttit
421 1117 518 1170 autem
548 1112 683 1171 Vindicis
705 1111 842 1187 quonium
865 1113 1046 1172 mentionem
1069 1112 1136 1180 leci,
1161 1130 1197 1172 ex
1219 1115 1319 1173 tectio·

172 1215 259 1274 nibus
282 1214 346 1272 eius
374 1215 506 1288 antiquis
528 1211 654 1272 Gellium
683 1211 724 1271 lX
747 1209 799 1272 14¹
815 1231 868 1274 sua
897 1219 1060 1273 mutuatum
1091 1232 1156 1274 esse
1184 1214 1209 1274 si
1237 1220 1318 1274 recte

172 1314 420 1376 Kretzschmerus
444 1313 490 1393 (de
514 1313 600 1374 Gellii
623 1313 753 1374 lontibus
776 1333 803 1393 p.
828 1311 870 1376 95
893 1314 968 1394 sqq.)
992 1317 1133 1384 coniecit,
1163 1315 1211 1375 hic
1234 1319 1319 1376 testis

173 1416 329 1478 habendus
353 1418 410 1477 erit
431 1417 637 1493 genetivorurn
660 1419 738 1498 dies,
769 1434 845 1495 quac
874 1416 968 1476 iorma
991 1418 1021 1476 in
1050 1416 1224 1496 idiographo
1246 1417 1318 1478 Ver·

173 1518 235 1596 gilii
258 1538 303 1596 gc.
329 1514 423 1578 1208
450 1517 528 1578 libro
551 1519 671 1579 iuventa
694 1519 787 1578 luisse
815 1525 969 1588 narratur,
1000 1525 1030 1578 et
1051 1519 1122 1579 Aen.
1147 1515 1244 1581 1636
1267 1521 1318 1580 dit.

173 1621 254 1681 ldem
277 1620 356 1700 apud
372 1619 498 1681 Gellium
520 1619 545 1679 ll
564 1617 603 1691 16
626 1621 674 1680 ‘iu
698 1621 911 1680 commentario
928 1619 1087 1680 lectionum
1111 1622 1318 1698 antiquarum'

174 1723 368 1800 explicavisse
391 1723 488 1782 iertur
510 1723 581 1782 Aen.
606 1720 642 1780 Vl
666 1719 736 1792 763,
761 1721 812 1782 ubi
836 1722 914 1798 quod
931 1721 1037 1782 Silvius
1058 1729 1196 1798 postuma
1219 1723 1320 1802 proles

173 1827 292 1885 Aeneae
315 1825 458 1902 longaevo
487 1824 647 1883 aLavinio
675 1823 818 1884 educatus
844 1825 936 1884 luisse
964 1832 1117 1892 narratur,
1147 1833 1319 1903 postumum

173 1945 233 1988 non
257 1927 306 2006 qui
328 1934 447 1986 mortuo
469 1932 569 2005 patre,
604 1924 656 1985 sed
686 1927 735 2004 qui
765 1932 917 2004 postremo
946 1925 1012 1985 loco
1041 1933 1127 1986 natus
1150 1927 1202 1994 sit,
1238 1934 1320 1987 recte

172 2028 355 2090 intellexisse
378 2027 502 2088 ridetur.

196 2125 203 2135 ’
259 2127 529 2210 Reprehenderunt
559 2147 677 2189 errores
706 2127 840 2190 Caesellii
863 2128 992 2188 Vindicis
1027 2146 1100 2205 quos
1134 2147 1192 2188 non
1227 2128 1319 2189 multo

175 2235 361 2294 recentiores
391 2239 485 2292 aetate
516 2232 606 2292 luisse
634 2238 717 2291 recte
738 2237 806 2310 post
828 2229 1052 2308 Bernhardyunr
1074 2230 1320 2291 llretzschmerus

173 2337 302 2395 coniecit
337 2333 496 2394 Terentius
530 2333 660 2393 Scaurus
700 2339 728 2392 et
761 2332 923 2409 Sulpicius·
945 2333 1135 2408 Apollinaris
1169 2331 1319 2410 Carthagi-

157 2438 293 2506 -nicnsis
318 2453 406 2516 quem
430 2433 543 2494 Gellius
565 2434 739 2495 adolescens
761 2435 872 2495 Rornae
895 2433 1015 2494 audivit.
1066 2433 1151 2493 Hunc
1174 2435 1319 2508 inpune-
1366 2435 1369 2449 ¹

171 2541 318 2606 stiantius
349 2539 514 2612 epistnticis
545 2537 688 2604 maxime,
723 2536 830 2616 quibus
853 2535 964 2596 Gellius
998 2553 1070 2595 usus
1099 2542 1157 2604 est,
1192 2536 1320 2614 Vergilio

176 2657 299 2718 operam
322 2655 445 2699 navasse
467 2636 648 2698 Mercllinus
671 2637 778 2698 annali.
803 2635 916 2718 philott.
941 2635 1038 2716 suppl.
1063 2635 1100 2696 lll
1122 2655 1151 2716 p.
1175 2633 1239 2698 659
1261 2645 1319 2698 sta·

172 2743 244 2810 tuit;
270 2748 298 2800 et
320 2741 429 2800 mirum
452 2740 678 2818 ‘quaestiones'
702 2739 815 2816 aliquas
838 2737 883 2798 vel
906 2737 1033 2830 ‘silvan
1046 2738 1170 2817 Sulpicii
1192 2741 1318 2799 circum·

171 2844 346 2922 spicieutem
370 2840 622 2901 Graeienhaniunr
645 2843 676 2900 in
699 2840 813 2902 diurnis
835 2841 1012 2917 antiquitati.
1039 2835 1119 2900 1847
1143 2859 1173 2920 p.
1190 2836 1233 2900 20
1254 2840 1320 2901 illas

172 2963 300 3024 prorsus
323 2943 441 3021 fugisse.
488 2941 516 3002 ls
540 2950 639 3002 autem
663 2941 798 3003 Caesellii
821 2941 857 3001 de
875 2949 1014 3018 posinna
1031 2945 1122 3018 prote
1144 2943 1320 3001 sententiam

148 3051 150 3056 ’
174 3065 265 3125 supra
289 3045 437 3105 laudatam
461 3045 595 3121 argutius
618 3061 705 3122 quarn
728 3044 828 3103 verius
850 3044 1001 3112 refutavit,
1034 3043 1086 3102 scd
1115 3049 1234 3121 accepta
1259 3045 1321 3102 eius

173 3149 266 3217 ratio,
302 3165 359 3226 qua
389 3149 554 3220 tonpnenus
582 3144 744 3224 explicatur
777 3144 972 3205 ‘immortalis
1004 3145 1126 3224 sactus',
1160 3163 1176 3204 a
1205 3145 1318 3204 Servio.

178 3249 271 3310 Docta
303 3248 382 3308 idern
417 3247 642 3318 dissertatione,
677 3265 752 3326 quae
786 3247 863 3325 apud
893 3245 1018 3307 Gellium
1041 3242 1147 3306 xv15
1176 3252 1204 3304 et
1232 3243 1320 3324 paulo

137 3399 141 3404 .
172 3353 293 3412 mutatis
317 3349 417 3410 verbis
440 3369 454 3410 a
479 3349 582 3410 Servio
606 3349 682 3428 apud
699 3347 883 3410 Macrobiurn
905 3347 941 3408 Vl
957 3345 985 3417 8,
1012 3344 1052 3408 14
1066 3365 1130 3427 sqq.
1154 3347 1317 3426 profertur,

171 3455 405 3514 uestibntirleu.
429 3447 726 3512 v1273n0uonem
757 3449 924 3530 explicarit,
958 3451 1092 3510 refutans
1126 3449 1173 3509 hic
1203 3468 1324 3528 quoque

173 3554 260 3624 alios,
284 3555 363 3614 inter
385 3571 460 3631 quos
484 3553 571 3613 etiarn
596 3551 756 3614 Caesellius
779 3553 870 3613 luisse
892 3558 1001 3630 potest.
1032 3551 1146 3611 Laudat
1167 3559 1319 3630 praeterea

172 3653 288 3715 Gellius
310 3653 360 3714 Vll
402 3653 456 3734 (Vl)
479 3647 525 3723 v6,
557 3650 595 3714 12
640 3653 761 3734 Sulpicii
795 3653 831 3713 de
859 3663 1039 3730 praepetum
1071 3655 1166 3714 avium
1201 3655 1322 3714 notione

171 3759 360 3826 sententiam,
384 3763 541 3836 postquam
565 3749 671 3834 Hygini
693 3774 815 3835 pravum
840 3755 875 3814 de
898 3758 970 3816 Aen.
993 3755 1029 3814 Vl
1053 3751 1094 3815 14
1113 3773 1156 3834 sq.
1180 3754 1320 3816 iudicium

171 3859 329 3928 refutavit,
363 3857 503 3918 ut‘illius
533 3877 567 3916 ex
592 3859 805 3918 commentario
834 3857 960 3935 quodarn
990 3855 1202 3917 sua‘hausisse
1223 3859 1351 3936 putari·

172 3961 276 4039 possit.

221 4054 222 4060 '
262 4061 406 4124 Convenit
429 4059 561 4140 Sulpicio
592 4079 658 4121 curn
683 4059 782 4121 Probo
810 4059 846 4119 (le
869 4061 941 4120 Aen.
966 4059 1004 4120 lX
1027 4055 1104 4130 369,
1134 4063 1221 4138 quern
1251 4078 1321 4119 con·

171 4164 300 4222 trarium
323 4162 366 4222 illi
382 4161 434 4222 Vll
449 4159 513 4224 600
536 4181 601 4223 esse
625 4161 816 4222 adnotaverat
831 4161 978 4242 Berytius.
1023 4161 1109 4222 Hunc
1131 4168 1228 4222 autern
1252 4181 1321 4222 con-

171 4314 476 4324 .—-—..——-...-—-...

170 4399 308 4467 producto
326 4401 474 4463 sententia,
494 4403 525 4448 ut
544 4403 586 4448 est
598 4397 665 4452 Aen.
678 4395 731 4448 XII
746 4397 886 4461 11'3-115,
907 4414 968 4449 cum
987 4397 1024 4448 sit
1041 4397 1112 4449 satis
1125 4397 1240 4449 dixisse:
1260 4395 1318 4449 sole

170 4487 251 4539 orto'.
289 4482 332 4538 uf.
353 4483 466 4534 Servius
486 4484 521 4534 ad
541 4483 558 4533 l.
578 4483 596 4538 l.
618 4488 646 4532 et
665 4484 700 4532 ud
719 4484 786 4537 Aen.
806 4485 833 4534 ΙΙ
852 4484 902 4533 268
931 4484 1065 4538 1111522.
