3212 5042
316 424 338 492 2
771 455 1013 508 saucacorum,

318 617 403 699 (Plin.
420 637 450 682 n.
467 619 496 681 h.
513 618 604 693 1123,
621 620 662 684 93
691 624 729 684 cl.
746 624 868 686 Sueten.
899 627 980 687 Caes.
998 622 1039 686 88
1069 627 1182 688 Seneca
1199 635 1257 688 nat.
1282 647 1330 708 qu.
1356 629 1406 689 VH
1422 625 1462 691 17

316 724 436 786 Cassius
460 725 514 786 llio
530 724 662 787 XXXXV
677 723 706 807 7)
731 726 768 787 ab
784 727 943 790 Octaviano
967 727 1146 798 celebratos,
1170 730 1199 790 b.
1217 749 1242 790 e.
1267 739 1377 808 quanto
1399 739 1467 810 post

315 845 426 888 annum
439 824 499 888 711
517 829 661 908 scriptum
677 831 715 889 sit
729 828 831 909 liquet.
855 831 929 891 Nam
945 849 962 890 a
977 830 1061 891 stella
1075 830 1126 890 illa
1141 833 1256 902 crinita,
1273 852 1349 911 quae
1364 832 1463 894 medio

315 929 362 990 die
385 949 446 991 non
478 938 546 991 ante
574 931 705 994 medium
727 932 913 1002 Ianuarium,
949 952 1016 993 cum
1039 933 1083 992 sol
1109 935 1140 994 in
1170 937 1347 1014 capricorno
1375 943 1461 1006 esset,

315 1040 502 1112 apparuerat,
533 1051 655 1094 exorsus
682 1034 786 1113 quidni
814 1033 859 1096 vel
888 1034 1037 1114 aliquanto
1070 1044 1150 1115 post,
1186 1036 1265 1097 velut
1292 1056 1370 1097 anno
1399 1034 1463 1098 712

313 1137 407 1195 saeris
423 1135 482 1196 divi
497 1135 632 1197 Caesaris
655 1139 821 1198 constitutis
845 1136 909 1215 (llio
924 1137 1081 1198 XXXXVll
1102 1135 1150 1218 18)
1169 1138 1301 1198 versibus
1317 1158 1462 1200 exornare

312 1244 431 1316 poterat
453 1245 540 1319 poeta
555 1237 695 1309 salutem,
720 1257 808 1316 quam
830 1256 898 1318 spes
921 1247 985 1300 erat
1007 1242 1037 1299 in
1054 1240 1170 1300 caelum
1185 1248 1339 1320 receptum
1357 1243 1460 1303 Caesa·

312 1358 375 1400 rem
398 1340 509 1420 populo
531 1341 665 1402 Romano
690 1340 864 1420 largiturum
886 1343 968 1403 esse?
1400 1345 1401 1350 ’

396 1443 458 1504 lam
474 1445 552 1504 inte'r
569 1452 684 1504 nostras
700 1443 818 1521 eclogas
831 1441 934 1504 decem
947 1451 1028 1504 certa
1039 1440 1184 1524 temporis
1196 1453 1265 1506 nota
1279 1446 1342 1506 lere
1356 1455 1459 1506 carent

311 1548 477 1624 secundo
490 1565 557 1607 cum
575 1548 711 1620 tertio,
727 1549 874 1622 quinta,
887 1549 1058 1622 septima.
1081 1546 1160 1608 Nihil
1177 1549 1255 1607 enim
1271 1549 1457 1616 eoiummur,

311 1648 390 1727 quod
402 1655 470 1708 ante
482 1666 592 1708 annum
605 1644 682 1718 719,
702 1647 731 1707 h.
747 1666 772 1707 e.
787 1655 855 1708 ante
868 1647 949 1708 Ravii
967 1656 1094 1708 mortem
1110 1651 1226 1710 tertiam
1240 1657 1363 1729 propter
1374 1670 1399 1709 v.
1418 1647 1460 1710 90

310 1751 451 1829 scriptam
466 1769 530 1810 esse
546 1768 669 1810 necesse
685 1747 774 1829 esti).
805 1750 964 1832 Praeterea
980 1769 1071 1810 unum
1085 1749 1209 1820 saitem,
1233 1759 1302 1813 ante
1325 1754 1457 1832 quintam

258 1917 262 1928 ,
309 1853 435 1931 scriptas
452 1870 517 1912 esse
532 1854 736 1914 secundam
753 1859 783 1912 et
804 1855 975 1927 tertium,
1000 1853 1096 1930 ipsius
1112 1861 1221 1932 poetae
1237 1855 1407 1914 testimonio
1424 1855 1458 1933 (V

309 1951 350 2014 86
364 1951 420 2032 sq.)
436 1961 567 2023 condam
585 1955 718 2032 quintam
737 1961 835 2016 autem
853 1973 931 2016 nona
949 1956 1148 2032 antiquiorem
1165 1970 1232 2016 esse
1244 1955 1376 2036 Heyuius
1388 1963 1458 2034 pro·

309 2053 642 2138 bavitcoll.lX19sq.,
667 2075 742 2135 quae
764 2057 896 2120 dubitari
917 2059 964 2116 rix
986 2063 1086 2135 potest
1109 2059 1181 2134 quin
1203 2057 1239 2118 ad
1257 2057 1313 2118 ecl.
1329 2053 1407 2117 720
1430 2064 1459 2116 et

308 2153 352 2217 40
374 2160 544 2241 respiciant.
576 2159 608 2220 ln
633 2163 769 2235 quinto
793 2160 913 2237 quidem
935 2161 1030 2228 luere,
1054 2167 1086 2218 ut
1102 2160 1222 2223 Servius
1245 2153 1355 2228 narrat,
1378 2161 1457 2222 iuter

311 2261 450 2340 antiquos
472 2263 655 2340 interpret-es
688 2264 740 2338 qui
768 2279 872 2322 necem
902 2269 931 2320 et
958 2259 1134 2339 apotheosin
1156 2259 1223 2322 lulii
1245 2261 1380 2322 Caesaris
1401 2261 1456 2320 ba·

309 2360 431 2440 pbnidis
455 2363 522 2423 latis
545 2362 670 2424 subesse
692 2362 748 2424 sibi
763 2363 988 2442 persuaderent.
1021 2363 1219 2425 Curiosissimi
1242 2377 1313 2424 sane
1335 2364 1457 2422 luerunt

310 2461 501 2541 allegoristae
530 2463 573 2524 illi
603 2466 644 2528 in,
662 2464 838 2543 detegendis
865 2466 968 2544 nugis,
998 2479 1072 2540 quas
1100 2463 1217 2524 silentio
1246 2465 1354 2525 ceteris
1382 2463 1456 2524 locis

307 2541 475 2644 praeterire
497 2567 626 2626 maxime
641 2583 677 2626 ex
701 2585 735 2627 ra
758 2568 828 2636 erit,
854 2574 883 2626 et
904 2567 1006 2626 nescio
1029 2583 1064 2626 an
1089 2565 1136 2625 bic
1158 2583 1278 2645 queque
1299 2567 1456 2628 Armeniae

306 2667 399 2744 tigres
424 2685 448 2725 v.
470 2663 513 2728 29
536 2675 786 2730 commemoratae
808 2669 945 2747 inprimis
975 2685 1101 2745 acumen
1124 2687 1230 2730 eorum
1251 2669 1453 2728 excitaverint.

306 2767 381 2828 Nam
405 2770 587 2832 testimoniis
610 2770 646 2832 de
669 2770 794 2832 consilio
824 2777 853 2830 et
877 2776 1011 2848 tempore
1034 2771 1181 2849 poematis
1203 2771 1340 2849 antiquos
1360 2771 1453 2830 inter*

305 2877 408 2950 pretes
430 2889 525 2952 aeque
548 2891 583 2932 ac
605 2891 660 2934 nos
684 2872 842 2933 destitutos
864 2873 957 2932 luisse
979 2871 1049 2931 inde
1072 2880 1204 2950 apparet,
1228 2872 1306 2950 quod
1322 2871 1396 2934 alios
1416 2871 1454 2932 de

304 2972 406 3033 lratris
434 2972 548 3045 Flacci,
583 2974 657 3036 alios
691 2975 780 3034 etiam
809 2974 846 3034 de
880 2975 967 3034 amici
996 2972 1130 3044 Quintilii
1153 2975 1225 3034 Vari·
1244 2974 1454 3051 Cremonensis

304 3091 383 3135 anno
405 3074 526 3137 demum
550 3073 614 3138 730
635 3077 747 3138 mortui
770 3075 853 3136 obitu
881 3075 1025 3146 ariolatus¹
1051 3093 1117 3136 esse
1140 3075 1262 3138 Servius
1292 3075 1452 3152 adnotant.
1496 3109 1498 3114 ·

304 3177 441 3248 Quorum
464 3177 501 3245 ab
524 3179 666 3258 opinione
687 3178 862 3256 longissime
877 3184 1078 3247 recesserunt,
1102 3178 1153 3256 qui
1167 3195 1194 3238 v.
1212 3174 1231 3237 8
1248 3184 1276 3237 et
1294 3175 1333 3238 15
1344 3179 1452 3258 Amyn·

303 3287 350 3339 tae
379 3281 503 3342 nomine
532 3281 723 3342 Cornificium
751 3287 870 3359 poetam
900 3281 1059 3358 significari
1087 3286 1268 3348 statuerunt,
1303 3281 1354 3358 qui
1385 3297 1452 3338 eum

302 3388 420 3442 certare
436 3399 505 3444 cum
521 3381 626 3462 llopso
649 3383 775 3451 dicatur,
800 3389 868 3443 ante
890 3383 987 3460 ipsam
1010 3382 1075 3442 eius
1090 3388 1228 3450 mortem,
1251 3397 1326 3457 quae
1343 3400 1368 3441 a.
1388 3378 1449 3441 713

302 3483 426 3554 accidit,
462 3482 595 3561 eclogam
624 3491 757 3545 nostram
780 3493 813 3544 ut
835 3483 862 3544 ll
885 3490 915 3544 et
936 3483 976 3544 lll
999 3485 1141 3561 scriptam
1173 3481 1362 3562 perhibuisse
1384 3481 1452 3542 illos
1506 3513 1513 3522 ·

302 3593 536 3646 consentaneum
556 3591 618 3647 est:
644 3586 839 3663 firmaturque
852 3603 885 3644 ca
898 3586 973 3645 ratio
990 3587 1156 3646 certissimo
1171 3584 1290 3654 indicio,
1307 3585 1333 3644 si
1348 3602 1451 3646 verum

300 3686 425 3748 tradidit
447 3687 608 3750 Cledonius
630 3707 660 3768 p.
687 3684 768 3748 1898
791 3687 981 3748 Cornificium
1004 3694 1180 3766 usurpatum
1206 3687 1238 3746 in
1265 3685 1320 3748 hac
1350 3685 1450 3765 ecloga

300 3807 326 3848 v.
351 3785 393 3849 36
416 3787 525 3869 plurali
548 3808 674 3851 numero
696 3788 874 3850 vocabulum
898 3788 1033 3849 ‘hordea’
1063 3795 1133 3848 noto
1155 3787 1206 3848 illo
1228 3787 1375 3848 versiculo
1397 3789 1449 3848 de·

299 3891 413 3951 risisse.
442 3891 507 3963 Qua
524 3891 561 3952 de
584 3909 618 3952 re
640 3892 718 3953 inlra
742 3891 913 3969 diligentius
937 3891 1042 3960 dicam,
1066 3889 1117 3950 ubi
1140 3890 1176 3950 de
1200 3890 1450 3951 obtrectatoribus

299 3999 404 4072 poetae
417 3991 586 4073 disputabo.
613 3993 693 4072 Ergo
710 4002 878 4074 temporum
902 3993 1022 4073 quidem
1039 3991 1242 4052 notationibus
1257 3993 1368 4053 nostris
1390 4011 1450 4052 non

299 4095 444 4165 officeret,
469 4097 505 4171 si,
529 4095 608 4178 quod
632 4098 680 4156 vix
703 4115 737 4157 ac
753 4115 791 4156 ne
813 4097 860 4156 vix
886 4095 1005 4172 quidem
1029 4093 1101 4154 mibi
1122 4094 1301 4174 persuadeo,
1325 4093 1449 4174 Spobnii

370 4365 397 4429 *)
416 4366 457 4416 Ac
475 4382 510 4417 ne
529 4373 681 4418 memoratu
695 4367 805 4432 quidem
824 4367 894 4416 satis
912 4366 997 4432 digna
1016 4371 1058 4417 est
1077 4365 1299 4432 allegoristarum
1320 4365 1449 4422 ariolatio

296 4467 322 4504 v.
342 4453 375 4502 74
394 4467 426 4503 eo
445 4456 573 4518 spectare
593 4453 665 4518 quod
684 4451 731 4502 ‘ed
749 4452 868 4502 Actiaca
885 4452 960 4502 bella
979 4457 1171 4517 properantem
1185 4454 1350 4518 Augustum’
1369 4456 1448 4520 sequi

295 4536 432 4588 voluisset
448 4538 600 4604 Vergilius.
639 4537 765 4602 (Servius
784 4538 820 4589 ud
838 4537 857 4590 l.
877 4537 908 4600 l.)
