3276 5050
5 791 9 810 l

643 369 888 412 eaonncouuux.
1189 399 1192 404 .
1278 345 1338 408 119

193 536 306 599 Gellius
342 539 365 598 V
401 535 421 600 8
459 535 598 616 (quocum
637 536 674 598 ad
710 535 833 598 verbum
876 536 941 597 lere
983 537 1135 616 conspirat
1170 535 1337 598 Macrobius

193 640 229 700 Vl
251 636 281 709 8,
306 637 334 709 1,
357 640 408 701 ubi
430 646 530 702 tamen
552 642 679 702 Avienus
701 660 718 702 a
740 639 858 710 Servio,
888 657 949 700 non
971 656 987 698 a
1011 637 1106 699 Gellio
1130 637 1264 720 Hyginus
1286 658 1335 700 re·

190 740 322 823 lellitur),
346 761 437 821 porro
453 743 503 804 Vll
526 741 582 824 (Vl)
606 739 626 803 6
650 749 679 804 et
699 740 726 803 X
749 738 788 802 16
811 760 847 802 ex
871 742 935 802 eius
958 742 1179 804 commentariis
1201 740 1247 802 vel
1269 743 1335 822 ipse

191 845 340 924 excerpsit
363 842 407 905 vel
430 844 465 905 ab
489 843 546 905 alio
570 850 708 925 excerpta
731 845 926 923 transcripsit,
951 861 984 905 ea
1006 850 1111 905 notant
1133 861 1209 923 quae
1231 845 1334 923 inper-

189 946 266 1006 fecta
297 945 454 1026 reliquisse
486 953 573 1026 poeta
607 946 652 1007 vel
686 963 791 1026 parum
831 945 959 1007 feliciter
993 947 1156 1008 instituisse
1189 947 1333 1023 arguitur.

190 1048 272 1120 Quae
299 1067 367 1109 eum
398 1067 435 1108 ex
463 1049 551 1110 variis
573 1048 713 1110 Aeneidis
741 1048 825 1109 libris
853 1046 977 1109 collecta
1006 1049 1080 1118 sint,
1109 1046 1180 1108 inde
1207 1049 1335 1108 maxime

189 1150 318 1229 suspicio
341 1139 450 1221 oritur,
482 1168 519 1210 ne
541 1131 691 1232 Hyginum
713 1150 834 1231 quidem
857 1151 988 1229 quaein
1012 1148 1141 1228 Vergilio
1168 1149 1333 1229 reprehen-

188 1251 273 1312 deret
294 1253 403 1331 passim
427 1253 612 1333 dispersisse,
637 1253 689 1314 sed
713 1271 774 1314 uno
797 1251 863 1314 loco
886 1253 1100 1330 composuisse.
1151 1253 1334 1331 vituperavit

190 1361 289 1414 autem
311 1371 443 1432 zeugma,
467 1354 603 1417 cuiAen.
626 1355 676 1416 Vll
700 1352 760 1416 187
776 1374 821 1435 sq.
843 1361 932 1435 poeta
953 1353 1132 1415 indulserat:
1157 1353 1335 1415 desideravit

191 1457 269 1517 enim
293 1456 545 1518 accommodatum
569 1457 604 1518 ad
628 1457 736 1518 ‘lituo'
761 1475 862 1518 vocem
878 1457 1068 1540 participium
1084 1453 1165 1518 velut
1187 1457 1334 1518 ‘instruc-

189 1559 269 1626 tus',
293 1577 332 1620 ne
355 1561 523 1621 succinctus
546 1577 610 1621 esse
632 1557 705 1619 lituo
730 1567 759 1620 et
781 1558 883 1620 trabea
905 1557 1118 1648 absurdissime
1140 1577 1194 1620 rex
1216 1558 1332 1622 intelle-

189 1645 322 1739 geietur.
372 1661 528 1742 lnprcprie
553 1667 727 1742 usurpatum
758 1661 795 1722 de
818 1660 938 1722 Daedali
965 1659 1064 1722 volatu
1085 1660 1235 1739 augurale·
1249 1681 1333 1723 voca·
1363 1706 1368 1716 .

189 1761 292 1824 bulum
315 1764 524 1842 ‘praepetibus
546 1765 663 1844 pinnis’
686 1764 758 1824 Aen.
782 1763 819 1823 Vl
843 1759 883 1825 15
905 1764 1072 1842 castigavit,
1103 1770 1192 1843 atque
1208 1765 1244 1852 in
1267 1766 1333 1844 ipso

189 1872 273 1926 sexto
295 1865 372 1928 libro
394 1865 481 1947 plura
504 1873 710 1928 correcturum
726 1871 845 1944 poetam
860 1866 952 1926 luisse
967 1865 1093 1926 censuit.
1130 1863 1239 1927 Inscite
1255 1869 1332 1928 enim

189 1966 363 2030 Palinurum
390 1968 467 2048 apud
496 1969 608 2030 inleros
639 1986 663 2026 v.
687 1964 750 2028 366
780 1973 886 2047 petere
915 1965 951 2027 ab
973 1967 1073 2027 Aenea
1101 1973 1135 2027 ut
1156 1975 1262 2047 portus
1284 1988 1331 2031 re·

190 2070 287 2146 quirat
307 2069 441 2141 Velinus,
472 2089 537 2132 cum
560 2067 640 2130 Velia
669 2067 828 2148 oppidum,
859 2067 938 2129 unde
968 2075 1074 2148 portus
1102 2085 1209 2130 nomen
1233 2073 1331 2143 traxit,

190 2171 292 2232 Servio
308 2171 404 2234 Tullio
420 2173 531 2234 Romae
547 2179 692 2251 regnante
715 2177 783 2250 post
804 2189 915 2232 annum
938 2169 1066 2249 amplius
1087 2174 1333 2234 sescentesimum
1444 2179 1447 2186 '

189 2290 278 2350 quam
294 2275 409 2336 Aeneas
431 2277 461 2336 in
477 2274 589 2338 ltaliam
611 2275 691 2335 venit
713 2272 864 2335 conditum
887 2267 940 2341 sit;
965 2291 1021 2332 nec
1044 2271 1141 2332 simile
1164 2291 1230 2334 esse
1253 2277 1332 2352 quod

187 2376 252 2455 ipse
267 2383 354 2456 poeta
370 2379 416 2439 sui
430 2380 492 2440 aevi
507 2379 609 2440 notitia
624 2378 789 2438 instructus
804 2363 889 2436 κατὰ
910 2365 1080 2455 πρόληψιν
1099 2376 1130 2435 in
1151 2376 1248 2454 primo
1270 2395 1332 2438 car-

188 2479 267 2538 mine
284 2478 401 2540 Lavinia
417 2480 504 2543 litora
520 2488 549 2541 et
563 2481 594 2541 iu
610 2485 693 2540 sexto
709 2477 786 2539 libro
803 2497 827 2538 v.
849 2475 887 2539 17
903 2477 1049 2540 coloniam
1066 2476 1263 2540 Chalcidicam
1279 2498 1331 2540 no·

188 2580 352 2642 minaverit.
376 2583 471 2645 Porro
493 2601 627 2662 pugnare
650 2587 893 2660 secum‘poetam
918 2582 969 2660 qui
991 2599 1017 2641 v.
1042 2576 1103 2641 617
1121 2573 1165 2658 sq.
1191 2579 1331 2662 Sibyllam

189 2680 344 2742 docentem
361 2684 466 2745 lecerit
480 2684 553 2746 haec
575 2684 679 2745 ‘sedet
694 2692 908 2762 aeternumque
923 2681 1038 2743 sedebit
1051 2682 1155 2744 inlelix
1170 2683 1304 2746 Theseus
1312 2689 1331 2754 ',
1391 2705 1396 2718 ·

189 2801 257 2844 cum
280 2791 378 2844 tamen
401 2803 427 2844 v.
453 2783 513 2846 122
534 2788 648 2848 Aeneas
672 2785 805 2848 ‘Thesea
828 2789 986 2862 magnum’
1017 2787 1095 2846 inter
1119 2804 1170 2846 eos
1192 2805 1331 2848 numera·

188 2887 281 2956 verit,
311 2889 362 2967 qui
384 2905 490 2948 rursus
513 2889 659 2949 evaserint
682 2907 718 2948 ex
741 2889 856 2948 inieris.
906 2887 1040 2967 lienique
1069 2887 1236 2949 confudisse
1260 2908 1331 2951 eun·

187 2987 256 3049 dem
280 3007 425 3068 personas
448 2975 579 3051 dive'rsas
602 2997 632 3050 et
654 2997 787 3069 tempora
805 3007 848 3051 vv.
865 2985 1049 3051 838-8402
1074 3008 1170 3069 neque
1193 2992 1272 3052 enim
1295 2991 1332 3052 ab

189 3091 293 3153 eodem
316 3086 397 3153 duce¹
413 3093 535 3170 Argivos
558 3098 588 3153 et
609 3091 765 3173 Pyrrhum,
789 3091 841 3152 sed
863 3091 943 3152 hunc
965 3110 981 3151 a
1003 3091 1051 3151 Μ’.
1076 3091 1165 3152 Curio
1189 3091 1224 3170 (a.
1246 3089 1330 3170 479),

188 3191 256 3254 illos
279 3195 408 3256 Achaico
430 3193 510 3274 bello
533 3193 632 3255 multis
655 3197 739 3255 annis
767 3201 835 3273 post
856 3212 872 3254 a
895 3193 927 3253 L.
951 3193 1092 3256 Mummio
1121 3192 1156 3267 (a.
1180 3189 1251 3274 608)
1279 3193 1329 3254 de-

188 3295 281 3356 victos
305 3315 380 3366 esse,
404 3298 504 3374 itaque
520 3295 682 3375 Vergilium
704 3295 809 3376 procul
832 3295 921 3356 dubio
937 3293 1067 3354 medium
1084 3293 1120 3356 de
1136 3295 1250 3375 Pyrrho
1267 3313 1330 3358 ver·
1368 3381 1371 3393 ,

78 3457 81 3462 ,
189 3415 253 3458 sum
276 3399 438 3478 inportune
460 3400 608 3458 insertum
631 3406 839 3478 exemptarum
862 3398 963 3460 luisse.

271 3499 309 3560 Et
329 3501 376 3561 his
399 3499 518 3578 quidem
542 3501 579 3560 de
602 3502 673 3561 Aen.
699 3497 830 3562 V1366.
854 3497 925 3561 617.
949 3496 1012 3560 838
1028 3517 1102 3579 sqq,
1126 3515 1202 3577 quae
1224 3500 1330 3562 decimi

187 3599 257 3661 libri
280 3620 305 3662 c.
331 3600 370 3664 16
393 3601 514 3681 collegit
536 3602 657 3673 Gellius'
681 3619 737 3664 nec
761 3622 847 3664 suum
874 3621 930 3664 nec
958 3601 1033 3662 alius
1056 3602 1227 3678 cuiusquam
1254 3602 1330 3664 iudi·

187 3703 265 3764 cium
288 3704 478 3784 interposuit.
524 3704 607 3783 Apud
630 3705 765 3766 Servium
787 3683 894 3784 Hygini
917 3703 954 3765 de
976 3705 1073 3784 primo
1095 3703 1161 3765 loco
1184 3707 1330 3780 sententia

186 3806 215 3866 in
239 3805 329 3867 breve
352 3814 512 3878 contracta,
536 3808 685 3874 secundus
700 3807 826 3868 ridicule
847 3809 887 3868 ita
902 3805 1033 3876 solvitur,
1057 3814 1089 3867 ut
1103 3805 1247 3867 Hercules
1262 3825 1329 3868 cum

186 3907 303 3970 Thesea
327 3928 363 3970 ex
384 3911 489 3971 inieris
512 3908 691 3971 abstraxerit
710 3909 834 3990 partem'
849 3910 983 3988 corporis
1006 3910 1068 3970 eius
1090 3907 1248 3986 reliquisse
1271 3915 1329 3971 sta·

171 4015 299 4080 'tuatum
331 4013 418 4074 tertio
448 4009 684 4074 subaudiendum
714 4030 779 4072 esse
802 4011 838 4072 ad
862 4029 887 4071 v.
911 4005 973 4072 839
996 4013 1045 4072 ille
1067 4018 1219 4082 monetur,
1250 4012 1329 4091 quod

185 4113 342 4175 artilieium
366 4115 499 4194 quamvis
522 4115 609 4176 etiam
632 4115 668 4175 ad
691 4114 703 4175 I
725 4110 787 4176 573
809 4119 963 4193 repetatur
991 4112 1026 4174 ad
1057 4111 1257 4175 excusandum
1285 4119 1328 4174 ta·

185 4232 254 4275 men
283 4225 403 4296 poetam
437 4215 510 4277 nihil
544 4215 628 4278 valet.
686 4217 746 4278 Nec
778 4217 857 4278 inter
890 4217 1074 4278 recentiores
1106 4217 1156 4295 qui
1182 4215 1329 4276 Aeaciden

187 4317 299 4379 Persen
328 4317 539 4384 intellexerunt
573 4321 643 4380 satis
670 4319 807 4380 lecerunt
828 4318 958 4400 Hygino,
988 4319 1038 4398 qui
1061 4319 1209 4379 ‘eruisse'
1232 4315 1328 4378 Aemi-

185 4413 259 4480 lium
293 4419 428 4480 Paullum
462 4422 555 4498 Argos
589 4427 619 4481 et
646 4419 783 4503 Mycenas
815 4422 927 4500 optimc
960 4419 1026 4481 iure
1058 4427 1221 4498 negaturus
1255 4426 1327 4481 erat.
