3276 5050
323 374 364 438 68
765 395 1011 440 enoneeousnn.

321 565 430 642 cipere.
475 563 577 641 ltaque
609 569 672 624 tres
704 562 772 625 illos
805 582 908 625 versus
941 562 1018 644 (nam
1051 581 1107 644 per
1139 581 1172 624 se
1206 561 1273 624 stilo
1296 562 1464 641 Vergiliano

320 665 487 743 dignissimi
510 666 589 746 sunt)
613 664 841 745 dittographiam
870 668 1057 744 sequentium
1089 685 1155 726 esse
1182 664 1327 736 arbitror,
1357 667 1465 745 quihus

320 768 437 828 omissis
460 787 486 828 v.
511 764 573 828 715
596 768 747 846 aptissime
770 768 807 828 ad
830 765 893 829 709
917 749 1141 848 adiungebatur.

405 870 530 930 Restant
552 868 607 930 alia
629 888 733 950 pauca,
766 887 842 947 quae
870 889 937 932 oum
967 877 1113 932 attentum
1141 870 1285 932 lectorem
1308 871 1468 942 ollendant,

325 971 403 1032 iacili
427 979 456 1032 et
477 969 634 1052 probabili,
658 973 690 1032 ni
713 971 809 1042 lallor,
834 972 1040 1034 emendatione
1063 974 1265 1051 corriguntur.
1295 975 1338 1034 Ex
1361 974 1469 1052 quihus

322 1074 381 1136 duo
416 1073 465 1134 hic
497 1073 632 1154 exempla
660 1092 836 1155 proponam.
887 1074 1028 1146 03311131
1056 1094 1081 1135 v.
1110 1072 1172 1136 381.
1196 1093 1260 1155 sqq.
1289 1078 1404 1138 deneas
1432 1095 1467 1136 ex

320 1177 383 1237 ‘his
416 1175 517 1238 denis'
547 1174 656 1255 quibus
684 1176 846 1258 Phrygium
878 1195 988 1256 aequor
1017 1177 1237 1240 conscenderit·
1253 1177 1376 1238 navibus
1405 1180 1468 1238 ‘vix

323 1283 456 1360 septem'
481 1277 636 1339 convolsas
658 1278 746 1340 undis
769 1297 902 1359 euroque
925 1297 1092 1360 superesse.
1129 1280 1166 1340 Et
1187 1299 1220 1340 re
1243 1299 1311 1340 vera
1335 1283 1468 1360 ‘septem

320 1379 455 1441 collectis
486 1379 609 1442 navibus
636 1383 718 1442 omni
748 1400 784 1442 311
811 1385 955 1442 numero'
985 1389 1104 1461 portum
1135 1381 1237 1443 subire
1265 1381 1394 1444 traditus
1423 1389 1469 1443 est

321 1501 349 1542 v.
376 1479 447 1544 170.
493 1482 551 1544 Sed
575 1484 605 1543 in
634 1485 729 1563 ipsius
756 1485 902 1562 naufragii
930 1483 1130 1564 descriptione
1158 1483 1314 1546 duodecim
1343 1491 1466 1556 lantum,

319 1603 379 1646 non
404 1584 552 1646 tredecim
574 1587 692 1647 navium
715 1587 817 1646 ruinas
840 1585 998 1665 descripsit
1019 1596 1106 1666 poeta
1129 1605 1173 1646 vv.
1198 1582 1258 1646 102
1280 1603 1344 1664 sqq.
1375 1587 1467 1650 Fran·

324 1688 404 1766 gitur
427 1687 507 1748 enim
529 1689 658 1767 primum
682 1689 776 1768 ipsius
798 1690 915 1750 Aeneae
937 1690 1033 1759 naris,
1065 1695 1125 1750 tum
1148 1695 1211 1748 tres
1233 1695 1304 1750 noto
1327 1687 1467 1768 abreptae

320 1790 351 1850 in
374 1808 442 1850 aras
464 1797 660 1870 torquentur,
690 1798 752 1852 tres
776 1808 848 1850 euro
870 1791 901 1850 in
924 1799 1035 1871 syrtes;
1073 1797 1174 1852 octava
1197 1799 1242 1852 est
1264 1807 1340 1868 quae
1363 1789 1467 1870 Lycios

321 1890 473 1971 fidumque
508 1891 635 1954 vehebat
662 1891 811 1961 Orontem
835 1911 921 1953 nona
948 1892 1067 1964 llionei,
1100 1892 1215 1954 decima
1243 1892 1346 1954 Achati
1374 1892 1466 1962 navis,

324 1993 480 2054 undecima
504 1995 579 2074 ‘qua
601 2001 702 2056 vectus
720 1993 826 2064 dhas',
851 1993 1027 2056 duodecima
1050 1993 1465 2073 ε333313311331331113133.

326 2096 406 2173 Ergo
422 2104 472 2156 aut
494 2095 687 2176 neglegenter
710 2115 799 2158 unam
823 2098 958 2160 omisisse
982 2096 1154 2160 statuendus
1178 2097 1234 2158 3111
1248 2095 1395 2174 Vergilius
1417 2103 1468 2156 aut

327 2199 501 2259 coniectura
525 2198 695 2277 diligentiae
718 2201 781 2262 eius
804 2199 1049 2262 succurrendum.
1093 2199 1193 2261 Possis
1218 2199 1296 2258 enim
1318 2199 1466 2268 conicere,

323 2302 397 2371 eius,
420 2301 450 2360 in
475 2317 531 2378 qua
555 2319 622 2360 cum
644 2300 741 2380 Lyciis
763 2301 891 2364 Orontes
913 2300 1090 2371 vehebatur,
1120 2301 1201 2362 navis
1222 2301 1376 2360 interitum
1399 2319 1465 2360 cum

320 2403 457 2480 magistri
479 2420 549 2463 casu
573 2421 599 2464 r.
625 2400 686 2464 115
710 2404 885 2483 (³excutitur
912 2420 1085 2484 pronusque
1114 2403 1257 2480 magister
1285 2401 1408 2462 volvitur
1436 2404 1466 2462 in

321 2507 441 2584 caput')
464 2504 634 2566 absolutum
657 2524 733 2575 esse,
757 2507 842 2584 sequi
865 2504 972 2566 deinde
995 2505 1071 2566 alius
1093 2505 1277 2575 memoriam,
1300 2511 1333 2564 31
1354 2522 1380 2564 v.
1407 2501 1466 2564 116

318 2610 412 2668 uliam
434 2625 489 2686 pro
511 2610 595 2668 illam
618 2613 755 2669 correcto
777 2607 935 2686 legendum
958 2609 1011 2668 sit:

809 2722 852 2770 ast
874 2716 965 2771 oliam
988 2721 1031 2770 131
1052 2713 1153 2770 [luctus
1175 2713 1275 2770 ibidem

471 2824 583 2891 torquet
602 2832 687 2890 agens
711 2817 814 2874 circum
837 2823 865 2873 et
888 2811 997 2890 rapidus
1020 2825 1098 2872 vorat
1120 2833 1241 2890 aequore
1263 2823 1365 2873 vortex.

242 2993 245 2998 Ι
318 2915 407 2988 Quod
438 2917 526 2978 etiam
556 2914 700 2976 vocabulo
734 2913 882 2976 ‘ibidem'
916 2913 1119 2976 commendari
1153 2914 1284 2975 videtur:
1319 2932 1387 2975 nam
1410 2913 1465 2974 ibi·

320 3018 406 3088 dem,
440 3017 494 3079 uhi
525 3019 667 3096 magister
695 3016 854 3088 deciderit,
893 3035 999 3078 narem
1023 3033 1141 3094 quoque
1164 3016 1252 3077 undis
1280 3018 1377 3077 vorari
1406 3033 1465 3075 non

319 3128 383 3182 erat
404 3121 539 3200 prolecto
563 3139 616 3181 cur
638 3119 855 3182 adfirmaretur.
892 3121 972 3181 ‘Ast'
996 3117 1172 3198 particulam
1196 3137 1263 3179 cum
1286 3119 1465 3197 pronomine

320 3222 426 3284 ‘alius'
443 3224 632 3284 coniunctam
649 3221 741 3284 habes
763 3218 866 3283 11467
890 3217 1017 3282 1111488
1040 3218 1156 3282 v1316
1185 3216 1315 3281 711395
1336 3220 1375 3280 lll
1393 3215 1462 3280 727.

402 3323 976 3404 13131131111311333633131133.Χ7111
992 3341 1035 3400 sq.
1060 3321 1213 3384 contendit
1223 3323 1373 3399 Cyclopea
1384 3339 1465 3382 33313

319 3447 346 3490 v.
368 3425 431 3490 201
461 3448 477 3490 a
505 3429 586 3490 tertii
613 3427 682 3490 libri
709 3429 880 3488 narratione
908 3424 1081 3496 abhorrere,
1110 3423 1162 3485 uhi
1190 3441 1256 3484 cum
1285 3441 1311 3482 v.
1335 3419 1397 3483 043
1420 3442 1464 3502 sq.

320 3530 399 3591 dicat
420 3529 656 3592 Achaemenides
678 3530 814 3590 ‘centum
838 3528 886 3590 alii
914 3545 1011 3589 curva
1038 3529 1115 3588 haec
1143 3525 1276 3587 habitant
1304 3527 1348 3586 ad
1374 3529 1467 3586 111313

319 3632 405 3711 volgo
428 3632 544 3694 lniandi
559 3632 702 3713 Cyclopes
725 3639 755 3692 31
777 3629 843 3692 31113
865 3629 1018 3714 montibus
1034 3631 1162 3699 errant’,
1185 3645 1224 3688 ne
1246 3633 1330 3688 antra
1346 3627 1465 3707 quidem

325 3733 485 3815 Cyclopum
509 3735 579 3814 quin
602 3734 710 3813 partim
734 3732 779 3794 vel
803 3733 838 3792 ad
861 3732 948 3794 litora
977 3732 1089 3792 luerint
1115 3730 1161 3792 vel
1188 3729 1257 3790 inde
1285 3729 1371 3790 lacile
1396 3747 1466 3789 con·

316 3837 400 3915 spici,
425 3843 583 3916 conspecta
605 3843 705 3896 autem
727 3842 875 3897 terrorem
898 3835 987 3896 sociis
1008 3835 1144 3895 incutere
1166 3833 1321 3911 potuerint
1337 3829 1462 3891 dubium

295 3945 372 4014 gest.
424 3938 487 4000 Nec
515 3939 623 3998 mirum
652 3937 783 4000 interdiu
811 3943 948 4017 pastores
976 3938 1007 3996 in
1037 3934 1118 3997 silvis
1147 3942 1176 3994 et
1202 3932 1353 3994 montibus
1382 3939 1464 3992 extra

319 4039 488 4102 habitacula
520 4048 641 4118 vagatos
671 4058 738 4102 esse
773 4035 855 4120 (644.
885 4035 962 4100 655.
987 4032 1069 4116 675).
1126 4035 1184 4096 Sed
1218 4052 1298 4094 sraexo
1321 4033 1466 4113 Cyclopea

318 4160 356 4202 ue
386 4161 462 4222 opus
485 4141 604 4220 quidem
628 4150 674 4202 est
696 4147 780 4203 antra
803 4139 953 4218 intellegi:
989 4137 1097 4219 quibus
1121 4136 1213 4198 multo
1247 4137 1336 4197 etiam
1367 4137 1466 4214 aptius

317 4245 416 4323 ipsum
439 4243 600 4324 Cyclopum
623 4243 693 4304 litus
716 4261 854 4305 saxosum
878 4249 909 4301 et
930 4239 1032 4302 multis
1054 4237 1167 4308 modis,
1199 4237 1313 4320 Scyllae
1338 4236 1464 4299 310113-

316 4345 419 4426 rybdis
440 4345 630 4416 clamoribus,
654 4347 764 4407 hetnae
780 4344 917 4416 dammis
941 4342 1103 4423 Cyclopum
1120 4342 1305 4402 immanitate
1329 4339 1464 4402 terribile

318 4449 476 4528 significari
498 4457 661 4510 statuemus
686 4447 732 4528 (cl.
756 4446 779 4506 V
802 4444 885 4526 627).
