3276 5050
639 438 883 480 rncnncounum
1233 502 1237 508 Ι
1271 419 1332 482 149

187 609 285 674 tritor,
321 607 375 666 llll
405 603 467 667 267
502 613 627 676 tansum,
662 606 735 666 Aen.
765 605 806 666 ΙΙΙ
827 603 890 668 263
917 610 1028 685 passio,
1063 607 1088 668 X
1120 605 1184 670 432
1216 611 1331 670 adden-

187 715 264 778 sent,
305 705 366 769 727
400 711 489 780 lecit,
525 706 633 770 horum
667 715 792 789 uterque
826 711 849 769 V
876 705 939 774 425
971 713 1118 772 innexuit.
1178 708 1331 789 Duplicem

187 811 251 889 ipse
274 812 453 890 scripturam
476 830 521 890 ge.
546 811 572 871 ll
587 807 650 872 384
672 813 822 890 reperisse
845 811 976 874 ridetur:
1001 831 1068 873 nam
1092 811 1191 873 laudat
1205 813 1331 874 Priscia-

187 931 242 972 nus
264 915 384 988 saliere,
417 921 516 974 tamen
539 920 572 974 ut
594 912 681 974 addat
703 913 801 974 Probo
825 915 855 974 ni
877 908 965 975 iallor
988 921 1108 976 auctore
1138 915 1186 974 ‘in
1209 914 1330 992 quibus·
1404 975 1406 980 .

187 1014 253 1075 dam
283 1021 382 1074 tamen
411 1017 561 1076 invenitur
590 1014 741 1076 codicibus
771 1017 858 1076 etiam
885 1020 1007 1077 saluere
1035 1018 1212 1096 scriptum'‚
1241 1016 1332 1096 idque

187 1115 284 1177 solum
305 1115 415 1196 probat
437 1117 604 1178 Diomedes.
650 1115 731 1177 Idem
756 1117 943 1179 statuendum
967 1117 1003 1178 de
1018 1119 1089 1180 Aen.
1113 1118 1153 1178 Xl
1169 1113 1249 1189 382,
1274 1136 1332 1196 quo

187 1217 323 1298 exemplo
346 1222 460 1280 inundo
483 1218 570 1279 modo
600 1218 764 1280 absolutam
786 1219 874 1280 modo
906 1221 1028 1281 activam
1051 1219 1161 1284 habere
1185 1221 1330 1298 significa-

186 1323 296 1381 tionem
327 1322 556 1382 confirmaturus
578 1321 750 1382 Priscianus
777 1320 902 1382 laudatis
930 1321 977 1382 his
1005 1325 1157 1384 inundent
1183 1326 1357 1398 sanguine

181 1424 285 1497 fossas
307 1422 389 1484 addit
409 1441 517 1484 rursus
539 1425 708 1484 ‘invenitur
732 1433 829 1484 tamen
852 1425 883 1484 in
906 1423 1082 1503 quibusdam
1105 1423 1330 1485 codicibus...
1441 1415 1443 1420 ’

186 1527 336 1586 inundent
357 1545 381 1586 e.
403 1525 531 1599 fossee'.
562 1527 603 1585 Ae
625 1526 726 1586 nescio
749 1545 786 1586 an
810 1525 858 1586 hic
874 1543 991 1603 quoque
1006 1528 1155 1606 posterior
1170 1528 1329 1606 scriptura,

187 1634 220 1688 ut
242 1645 318 1707 quae
341 1629 515 1704 exquisitior
537 1629 575 1688 sit
597 1634 626 1687 et
648 1629 740 1688 variet
763 1627 923 1688 dictionem
938 1629 1010 1689 Aen.
1034 1628 1060 1689 X
1082 1625 1124 1688 24
1146 1635 1330 1708 usurpatam,

135 1807 136 1810 Ἴ
187 1731 280 1808 magis
303 1728 403 1791 Probo
428 1728 584 1808 placuerit.
630 1731 800 1791 Nexentem
823 1749 892 1790 vero
914 1732 986 1791 Aen.
1012 1733 1035 1789 V
1056 1727 1119 1791 279
1141 1730 1221 1818 quod
1244 1738 1330 1792 testa·

187 1839 235 1892 tur
247 1829 419 1892 Priscianus
443 1849 549 1891 vereor
571 1850 610 1892 ne
632 1850 722 1910 prava
745 1833 913 1892 coniectura
937 1832 1053 1893 Probus
1076 1851 1112 1892 ex
1136 1851 1178 1901 ea,
1203 1851 1279 1912 quae
1302 1840 1332 1894 et

187 1932 280 1994 multo
289 1933 423 2013 pulcrior
435 1940 523 1996 estet
534 1936 621 1994 nodie
634 1933 760 1994 ablativo
772 1933 1005 2002 commendatur,
1019 1933 1154 1994 codicum
1163 1936 1199 1995 M
1203 1936 1331 2012 lPVyte

186 2037 333 2116 scriptura
355 2038 513 2097 nixantem
536 2036 692 2096 effinxerit.

271 2190 409 2250 Ceterum
432 2191 607 2252 temerarius
631 2190 668 2250 sit
697 2189 746 2266 qui
772 2196 891 2268 praeter
918 2190 999 2269 ipsas
1026 2175 1186 2250 verborum
1208 2191 1329 2258 formas,
1414 2234 1418 2240 -

187 2291 223 2351 de
246 2291 353 2369 quibus
369 2293 557 2371 praecipiunt
578 2292 770 2370 grammatici,
794 2289 908 2369 reliqua
932 2292 1020 2352 etiam
1042 2289 1184 2352 vocabula
1207 2291 1331 2368 singulis

185 2393 259 2454 loeis
291 2393 407 2454 laudata
438 2393 473 2454 ad
504 2393 595 2454 Probi
626 2394 831 2454 auctoritatem
862 2395 963 2454 nescio
993 2411 1079 2472 quam
1108 2383 1223 2454 referre
1251 2392 1329 2454 velit.

186 2496 267 2567 Quae
295 2515 382 2576 quam
412 2495 498 2556 lacile
525 2495 607 2557 sallat
638 2497 729 2565 ratio,
760 2515 852 2556 unum
883 2498 977 2557 instar
1003 2497 1135 2556 omnium
1162 2495 1331 2575 exemplum

187 2604 258 2658 esto.
314 2599 481 2681 Georgicon
516 2594 742 2659 enim111367
778 2600 820 2659 sie
853 2598 930 2678 apud
958 2587 1142 2659 Priscianum
1172 2597 1209 2658 de
1239 2596 1330 2658 verbo

185 2704 299 2776 niaque
320 2701 553 2780 praecipientem
577 2701 685 2760 lertur:

424 2859 529 2914 interea
553 2865 611 2914 toto
636 2873 690 2914 non
713 2859 800 2914 setius
822 2874 951 2932 aequore
973 2857 1090 2931 magnit,

185 3027 253 3068 cum
269 3006 430 3086 Vergilium
446 3011 521 3066 uere
543 3007 698 3084 scripsisse
721 3009 815 3066 nostri
839 3006 956 3067 codices
979 3025 1083 3067 omnes
1098 3013 1218 3084 praeter
1233 3005 1329 3066 Arun-

185 3109 335 3170 delianum
368 3115 525 3170 testentur.
576 3107 633 3169 Sed
662 3109 714 3168 isti
741 3111 908 3188 scripturae
938 3127 976 3168 ne
1004 3109 1074 3186 quid
1103 3107 1218 3170 tribuas
1247 3114 1330 3169 cavet

185 3211 261 3272 alter
288 3213 387 3281 locus,
424 3199 511 3290 quem
548 3191 607 3270 una
641 3228 708 3270 cum
741 3209 792 3270 illo
822 3209 975 3271 Charisius
1003 3209 1170 3288 exemplum
1199 3206 1330 3269 adverbii
1359 3285 1361 3288 Ι

183 3316 275 3374 setius
298 3313 403 3382 attulit,
429 3333 464 3373 er
480 3314 552 3372 Aen.
569 3314 592 3372 V
608 3308 670 3374 862
694 3313 808 3372 ‘currit
830 3314 888 3372 iter
903 3319 997 3372 tutum
1014 3330 1074 3372 non
1090 3312 1183 3372 setius
1200 3328 1330 3388 aequore

185 3415 314 3476 classis.'
338 3415 425 3476 Unde
440 3413 632 3492 intellegitur,
650 3413 730 3493 quod
746 3399 920 3493 saepissime
935 3433 992 3474 usu
1009 3415 1097 3482 venit,
1121 3410 1167 3473 vel
1183 3430 1329 3490 gramma·

184 3519 274 3578 ticum
295 3517 350 3576 rel
380 3516 534 3580 librarium
563 3512 668 3576 similis
690 3515 747 3576 loci
776 3516 1014 3577 recordationem
1037 3513 1188 3576 fefellisse.
1227 3514 1330 3584 ,simili

184 3620 345 3680 memoriae
376 3637 479 3678 errore
509 3635 544 3677 ex
573 3619 645 3678 Aen.
670 3614 787 3679 111168
815 3618 898 3679 verbi
931 3621 1017 3680 labor
1050 3615 1217 3696 exemplum
1251 3617 1329 3696 apud

184 3723 370 3783 Priscianum
392 3719 527 3780 adfertur
550 3721 683 3780 ‘labitur
704 3719 807 3780 inlelix
822 3720 932 3781 Dido':
950 3723 987 3782 'at
1009 3720 1208 3780 certissimum
1230 3726 1275 3779 est
1289 3719 1330 3779 ibi

184 3821 345 3901 Vergilium
369 3823 526 3901 scripsisse
549 3821 628 3901 quod
650 3822 681 3881 in
705 3821 841 3882 omnibus
870 3820 955 3883 libris
983 3823 1093 3882 nostr1s
1117 3827 1195 3882 extat
1216 3823 1326 3893 uritur,

183 3924 226 3986 illi
254 3932 353 3986 autem
381 3925 412 3983 in
441 3931 542 3984 mente
570 3924 663 3984 luisse
691 3923 762 3984 Aen.
786 3923 809 3982 V
837 3920 900 3986 329
929 3925 1035 3984 ‘Nisus
1063 3923 1172 3984 labitur
1200 3921 1327 3982 intelix'.

186 4028 248 4088 Nec
272 4030 427 4107 quisquam
451 4026 496 4086 bis
520 4025 659 4086 ‘indutus
682 4031 766 4102 terga
788 4024 884 4086 leonis
893 4031 911 4095 ’,
942 4042 1017 4103 quae
1039 4025 1139 4086 laudat
1161 4025 1329 4086 Priscianus

184 4149 214 4210 p.
239 4126 315 4200 797,
345 4129 484 4190 abutetur
514 4129 548 4189 ad
579 4128 795 4189 emendandum
817 4128 889 4189 Aen.
914 4123 1059 4188 711666.
1109 4126 1149 4188 ct.
1176 4134 1329 4206 praeterea

184 4231 219 4295 ad
243 4234 314 4293 Aen.
339 4229 472 4294 717731
498 4238 527 4291 et
548 4229 573 4291 X
596 4227 657 4292 677
681 4229 827 4291 adnotata.
902 4217 903 4220 ¹

269 4385 331 4446 Iam
355 4404 425 4446 vero
453 4383 611 4445 dicendum
641 4384 678 4445 da
707 4387 786 4446 notis
807 4385 931 4454 criticis,
967 4401 1040 4461 eluas
1062 4381 1328 4444 Alexandrinorum

183 4488 444 4568 grammaticorum
482 4485 618 4565 exemplo
652 4493 721 4564 post
751 4487 963 4563 Vargunteium
993 4493 1021 4546 et
1048 4483 1163 4545 Aelium
1186 4483 1327 4545 Stilonem
