3172 5038
319 368 383 436 312
767 391 1013 460 rnonnaommn

407 558 503 620 Ranae
525 565 681 638 praeterea
704 559 893 620 coniecturae
915 559 992 619 inP
1016 559 1216 638 reperiuntur,
1240 577 1371 639 quarum
1392 560 1471 640 apud

322 666 571 721 commentatores
593 661 731 738 antiquos
754 659 830 721 desit
852 661 1012 721 memoria:
1043 659 1097 720 ecl.
1120 659 1160 720 lX
1183 657 1203 721 9
1225 661 1375 723 veteres
1399 665 1470 723 iam

315 762 451 835 fructu
483 765 681 823 eacumina
717 756 851 842 fagor]
887 764 994 823 veteris
1028 795 1063 806 —
1096 760 1186 837 sagi:
1221 778 1268 840 ge.
1299 759 1380 824 160
1413 766 1469 823 ol-

319 870 445 938 terna,
482 862 561 942 quod
586 862 656 924 olim
685 870 808 942 propter
830 857 873 924 54
893 878 958 940 sqq.
982 859 1048 923 coll.
1073 858 1123 923 71.
1149 858 1190 922 79
1212 862 1351 941 probavi:
1388 881 1470 924 nune

263 1029 267 1036 ,
319 955 419 1025 tamen
446 963 585 1043 praefero
614 963 691 1041 quod
722 961 884 1042 simplicius
908 971 953 1024 est
975 971 1104 1025 aeterno
1127 963 1211 1042 (MR)
1240 963 1307 1024 coll.
1331 967 1407 1026 Aen.
1430 965 1469 1025 Xl

318 1061 381 1127 356
423 1064 476 1126 XII
505 1061 581 1134 191;
635 1065 707 1125 Aen.
738 1061 851 1126 11883
883 1064 1136 1139 circumfodimus
1174 1065 1468 1141 (circumfundi-

318 1183 398 1227 mur
425 1164 474 1244 M)
513 1162 663 1226 7111140
689 1167 789 1226 auditi
808 1167 836 1228 u·
855 1169 1017 1242 quicquum
1044 1166 1170 1226 creditas
1201 1163 1326 1228 711375
1354 1183 1470 1242 appare

254 1290 257 1295 ¹
318 1264 380 1328 471
409 1264 551 1330 videbant
598 1262 659 1327 782
687 1283 801 1344 quaeue
846 1263 958 1328 X863
985 1269 1120 1328 dolorem
1156 1262 1295 1328 1111788
1322 1270 1466 1341 animum,

319 1386 443 1448 quarum
466 1385 543 1446 pars·
563 1368 602 1428 ita
625 1375 794 1446 comparata
817 1373 871 1438 est,
895 1374 928 1428 ut
950 1385 1020 1429 num
1043 1366 1234 1446 recipiendae
1257 1368 1316 1429 sint
1338 1368 1469 1430 dubitari

319 1471 427 1530 merito
449 1469 553 1548 possit.

404 1594 686 1684 Interpolationibus
709 1604 829 1683 quidem
852 1611 882 1663 et
903 1601 1090 1680 glossematis
1112 1621 1151 1664 ne
1173 1601 1323 1665 Palatinus
1347 1603 1467 1682 quidem

321 1712 411 1774 caret,
435 1722 614 1784 quamquam
637 1705 730 1765 multo
757 1706 854 1766 rarius
883 1722 971 1784 quam
999 1706 1107 1774 ceteri,
1141 1704 1294 1765 Romanus
1328 1706 1465 1773 maxime,

320 1807 491 1886 inquinatus
515 1812 569 1866 est.
614 1806 834 1885 Turpissimum
856 1804 929 1865 illud
944 1805 1015 1865 Aen.
1039 1805 1080 1865 lll
1103 1801 1164 1866 661
1189 1807 1245 1866 ‘de
1266 1808 1344 1866 eollo
1364 1809 1467 1879 fistulo

316 1908 467 1983 pendet',
498 1925 558 1986 quo
581 1914 664 1968 certe
685 1909 750 1967 FM
780 1905 868 1967 liberi
890 1913 968 1974 sunt,
1003 1922 1180 1985 quamquam
1204 1905 1312 1983 legisse
1334 1905 1467 1966 hemisti-

322 2007 420 2068 chium
454 2007 630 2069 schedarum
659 2009 866 2068 Vaticanarum
896 2024 1014 2087 quoque
1048 2005 1188 2068 librarius
1216 2006 1340 2086 videtur.
1394 2007 1466 2067 Item

321 2107 446 2169 inferior
468 2109 600 2170 Medieeo
629 2116 688 2170 est·
703 2107 783 2186 quod
811 2125 856 2192 ge..
881 2107 907 2168 ll
928 2105 992 2168 433
1014 2106 1226 2186 interpolatum
1254 2126 1320 2168 eum
1342 2109 1373 2169 R
1400 2127 1467 2187 par·

322 2209 437 2288 ticipat3
462 2209 562 2270 delicit
582 2208 633 2270 ille
654 2211 685 2270 iu
709 2207 804 2268 eclv
825 2205 877 2279 49,
902 2225 991 2286 quem
1014 2207 1125 2269 habent
1140 2209 1203 2284 PB,
1228 2207 1281 2268 sed
1305 2207 1361 2269 ecl.
1376 2207 1404 2269 X
1421 2205 1467 2278 17,

323 2325 412 2388 quem
434 2311 518 2380 eieci,
542 2317 622 2372 extat
643 2311 674 2371 in
697 2311 794 2371 MPR.

408 2446 451 2505 Ex
474 2445 661 2523 glossematis
682 2447 714 2505 in
737 2444 869 2506 Palatino
893 2462 1011 2524 quoque
1035 2443 1147 2505 nullum
1171 2445 1359 2523 frequentius
1381 2463 1467 2523 quam

323 2545 402 2626 quod
431 2547 571 2626 ascriptis
600 2545 726 2606 aliorum
755 2545 888 2606 locorum
919 2545 1017 2623 aliquo
1046 2545 1135 2605 modo
1164 2543 1302 2604 similium
1327 2544 1469 2624 exemplis

272 2627 274 2634 ’
324 2653 427 2706 uatum
456 2653 510 2706 est.
566 2646 712 2707 indicium
745 2651 850 2707 eorum
880 2646 1004 2726 singulis
1032 2645 1168 2707 versibus
1195 2647 1226 2704 iu
1255 2647 1468 2706 commentario

324 2748 427 2806 critico
449 2747 522 2816 leci,
556 2755 589 2807 ut
617 2750 720 2828 paucis
749 2749 798 2808 hio
825 2747 946 2826 defungi
973 2748 1096 2826 possim.
1152 2743 1294 2824 Exempla
1316 2754 1415 2806 autem
1437 2765 1468 2806 ea

325 2846 410 2927 elegi,
434 2846 485 2908 ubi
506 2850 628 2930 propria
650 2847 783 2910 Palatino
806 2848 983 2926 glossemata
1008 2854 1091 2908 sunt:

367 3015 421 3078 ecl.
473 3017 485 3076 l
520 2949 697 3079 3811ῐό1118
721 3016 783 3094 (ubi
798 3035 834 3077 ex
849 3035 876 3077 v.
895 3013 934 3078 18
949 3015 1073 3078 inlatum
1096 3017 1190 3090 nobo,
1217 3033 1320 3076 verum
1337 3020 1466 3093 pinus,

574 3118 654 3180 unde
682 3117 806 3178 discitur
843 3119 873 3178 in
902 3117 1062 3198 archetypo
1090 3113 1216 3178 Palatini
1248 3118 1292 3178 sie
1327 3119 1469 3197 scriptum

696 3217 806 3270 NOBIS

574 3288 665 3347 luisse
692 3286 818 3356 PlNVS;
857 3294 887 3347 et
919 3287 1094 3366 saepissime
1121 3285 1152 3346 in
1181 3284 1320 3346 omnibus
1349 3283 1470 3364 Vergilii
1562 3347 1563 3362 p

574 3386 726 3448 codicibus
749 3406 784 3448 eo
805 3380 981 3467 peceatum)
994 3387 1073 3468 quod
1096 3385 1132 3448 ab
1154 3387 1320 3466 interprete
1343 3388 1470 3465 ascripta
1562 3371 1563 3440 l

576 3496 724 3568 tamquam
748 3496 853 3568 poetae
887 3488 976 3550 verba
1008 3491 1040 3550 in
1070 3496 1183 3550 textum
1205 3487 1297 3548 inlata
1320 3496 1398 3548 sunt.
1448 3491 1470 3548 A

576 3597 747 3650 correctore
769 3596 873 3668 postea
903 3608 972 3652 vera
1002 3591 1149 3670 scriptura
1178 3587 1224 3650 vel
1252 3588 1393 3652 mutando
1421 3605 1469 3648 re·

577 3692 678 3752 stituta
701 3689 745 3750 vel
769 3689 977 3770 supraposita).

325 3829 370 3888 ge.
408 3809 447 3871 ΙΙΙ
514 3804 554 3870 19
575 3803 767 3890 linquens]
788 3811 883 3884 pubes

334 3940 337 3945 ·
494 3905 554 3973 125
570 3914 707 3987 pecori
727 3946 769 3958 -
797 3904 990 3993 moritum]
1016 3914 1138 3987 pecoris
1165 3943 1206 3954 -
1226 3913 1405 3986 mapparum
1432 3909 1469 3968 ei.

578 4012 632 4074 ecl.
655 4011 694 4072 111
719 4008 779 4072 101

490 4109 555 4175 475
577 4108 687 4197 arua]
712 4131 768 4174 oro

492 4209 935 4297 544defensaldeprcnso
1052 4257 1056 4262 -

326 4319 399 4378 Aen.
421 4315 475 4376 llll
497 4311 560 4375 267
584 4312 719 4394 oblite]
744 4318 853 4390 iuuare

362 4451 373 4462 -
452 4411 561 4475 7280
581 4416 772 4496 movebat]
795 4417 921 4490 saciat
