3276 5050
631 435 878 479 rconsuonsun.
1265 411 1326 482 163

180 607 243 669 Nec
265 605 367 667 dubito
391 605 462 682 quin
487 605 565 664 inter
587 605 657 664 vitia
671 605 766 675 metri
789 605 865 665 hanc
888 621 1006 684 quoque
1029 606 1176 684 synizesin
1200 604 1326 666 rettule-

180 710 242 770 rint
264 707 369 768 critici.
413 703 490 765 Huic
512 713 610 766 autem
635 722 711 783 quae
732 707 763 766 in
786 706 918 766 Mediceo
947 708 1097 786 reperitur
1120 713 1207 768 notae
1231 705 1328 767 simile

180 810 275 870 videri
296 815 395 888 potest
418 806 497 888 quod
519 805 676 868 scholiasta
699 808 880 868 Veronensis
902 807 937 868 ad
958 809 1031 868 hen.
1054 808 1118 870 Vlll
1142 804 1202 870 105
1224 825 1327 889 quam·

181 930 268 991 quam
291 910 388 970 lacera
411 909 603 970 adnotatione
625 908 781 988 adscripsit
803 909 839 970 ab
861 908 1061 979 herrmanno,
1085 917 1119 970 ut
1133 918 1235 971 narrat
1250 911 1326 970 Bne-

182 1011 319 1074 chelerus
346 1013 376 1072 in
405 1009 513 1072 annali.
543 1009 657 1089 philoll.
682 1005 764 1071 1866
793 1028 822 1089 p.
848 1008 904 1081 71,
934 1012 977 1072 sio
1005 1011 1096 1072 lecta:
1128 1015 1222 1072 ‘-n
1250 1011 1328 1090 quod

181 1121 316 1176 senatum
339 1113 375 1173 R.
421 1131 490 1174 cum
516 1112 661 1173 Romulus
692 1109 839 1192 [primitus
868 1115 956 1188 tepet,
987 1111 1117 1194 centum]
1148 1131 1184 1174 11
1207 1113 1329 1174 senibus

181 1216 423 1295 nuncupaverit’.
475 1214 607 1286 Quorum
636 1213 714 1294 quod
743 1214 774 1274 in
803 1213 951 1293 principio
973 1215 1103 1293 positum
1127 1222 1173 1276 est
1193 1233 1214 1276 a
1235 1215 1330 1278 Maius

180 1317 256 1379 ialso
279 1317 316 1379 de
339 1318 414 1377 Niso
437 1317 571 1386 nomine,
600 1315 747 1394 Berglrius
770 1323 868 1377 autem
892 1315 965 1376 dian.
990 1318 1082 1396 antiq.
1109 1312 1191 1378 1845
1212 1335 1242 1396 p.
1268 1315 1331 1378 110

182 1422 252 1481 satis
282 1418 425 1480 audacter
455 1420 500 1479 sic
527 1420 743 1496 interpretatus
771 1425 832 1479 est:
870 1417 961 1478 ‘Nota
989 1415 1036 1498 >.'
1092 1417 1169 1489 uuio
1202 1419 1227 1478 si
1256 1417 1329 1478 nihil

182 1521 260 1582 aliud
285 1523 324 1582 sit
347 1537 433 1598 quam
458 1528 591 1581 extrema
612 1520 692 1580 vocis
714 1520 844 1580 cuiusvis
866 1518 984 1580 littera?
1033 1519 1218 1596 Quamquam
1242 1537 1330 1599 posse

183 1625 271 1684 etiam
306 1621 352 1682 vel
385 1623 581 1682 ‘numerum'
615 1618 661 1680 vol
694 1619 893 1682 ‘notandum’
928 1621 1095 1699 significare
1118 1620 1221 1682 Servio
1255 1621 1330 1683 duce

182 1725 321 1785 conicias.
367 1723 526 1795 Quaeritur
548 1723 627 1782 enirn
648 1740 700 1782 cur
722 1721 853 1801 ‘pauper
883 1725 1021 1783 senatus'
1044 1722 1176 1784 Euandri
1205 1723 1329 1794 dicatur,

182 1827 266 1887 cuins
292 1827 337 1886 rei
365 1824 513 1905 duplicem
540 1822 593 1884 ille
620 1841 737 1884 oausam
766 1826 906 1904 proponit
934 1829 1072 1902 ‘pauper
1099 1832 1197 1886 autem
1220 1832 1271 1886 aut
1293 1825 1328 1884 ad

182 1945 341 1988 numerum
364 1925 480 1996 retulit,
505 1931 626 1986 centum
650 1927 728 1986 enim
750 1924 806 1986 sub
829 1925 955 1987 Romulo
978 1927 1109 1995 luerunt,
1134 1935 1184 1987 aut
1205 1945 1239 1987 re
1262 1945 1331 1987 vera

182 2047 305 2108 pauper,
329 2047 384 2108 per
407 2027 486 2106 quod
509 2026 636 2088 Romani
658 2028 777 2106 imperii
798 2028 965 2088 ostenditur·
979 2028 1158 2106 parsimonia
1174 2047 1229 2107 pro
1244 2027 1331 2088 laude

182 2139 254 2192 tunc
281 2129 411 2190 habita'.
462 2130 583 2189 Poterat
616 2145 687 2206 ergo
716 2130 898 2191 Veronensis
932 2146 1050 2208 quoque
1077 2129 1226 2207 interpres
1255 2128 1333 2189 hanc

183 2233 387 2310 quaestionem
409 2230 512 2291 notula
535 2230 632 2307 aliqua
655 2231 825 2310 praeposita
847 2233 1004 2308 attingere.
1051 2228 1108 2291 Sed
1132 2231 1259 2291 certiora
1281 2231 1331 2290 ad·

108 2329 112 2334 ’
182 2335 302 2408 lirmare
327 2335 358 2392 in
380 2332 472 2393 tantis
494 2331 627 2393 tenebris
650 2331 752 2393 nolim.

271 2434 411 2496 Ceterum
426 2432 546 2496 hlarulli
563 2432 708 2512 exemplo,
733 2451 821 2512 quem
838 2433 1039 2494 Victorianum
1055 2433 1185 2494 Lucretii
1200 2433 1332 2494 codicem

184 2538 262 2598 uotis
290 2535 467 2613 quibusdam
496 2535 607 2595 criticis
629 2533 709 2595 velut
731 2533 768 2594 dc
791 2553 849 2613 qua
871 2553 961 2614 supra
985 2533 1102 2595 dictum
1128 2542 1174 2595 est
1194 2553 1213 2613 χ
1235 2535 1332 2596 littera

184 2639 363 2699 instruxisse
398 2637 587 2697 Hermannus
622 2636 741 2715 Sauppe
777 2654 874 2714 nuper
914 2639 942 2697 in
980 2655 1113 2714 prooem.
1147 2637 1333 2714 Gottingensi

186 2729 305 2814 186415
330 2757 358 2817 p.
385 2736 422 2798 11
447 2744 477 2798 11
501 2734 541 2797 14
562 2737 707 2816 probavit,
731 2756 889 2798 monemur
911 2757 950 2798 ne
965 2738 1088 2798 Medicei
1110 2737 1228 2816 quidem
1250 2740 1333 2817 signa

184 2842 233 2903 illa
258 2860 293 2902 11
317 2841 492 2918 antiquitate
515 2840 686 2900 necessario
709 2847 761 2900 aut
782 2841 853 2909 satis
867 2839 1063 2920 probabiliter
1078 2840 1239 2919 repetenda
1256 2859 1333 2902 esse.

270 3251 471 3329 Cognovimus
487 3249 579 3326 igitur
595 3266 629 3308 ex
648 3246 785 3308 frustulis
800 3265 875 3326 quae
891 3246 960 3308 hinc
975 3246 1056 3308 illinc
1078 3248 1220 3328 expiscati
1233 3265 1335 3308 sumus

190 3353 475 3414 commentariorum
499 3357 529 3410 11
552 3368 587 3410 ex
610 3357 749 3410 notarum
774 3348 898 3410 elencho
920 3351 1142 3427 grammaticum
1166 3349 1263 3418 talem,
1287 3351 1337 3430 qui

189 3458 222 3516 in
247 3452 464 3515 emendandum
489 3458 518 3512 ot
540 3453 684 3512 acerrime
700 3469 804 3512 omnes
819 3452 850 3510 in
864 3460 965 3533 partes
980 3451 1227 3530 perscrutandum
1243 3453 1336 3531 scrip·

190 3559 267 3617 toris
289 3563 402 3616 textum
424 3555 556 3614 intentus
584 3552 670 3632 plana
701 3561 730 3613 et
757 3551 852 3612 iacilia
882 3554 1045 3622 transierit,
1073 3551 1210 3631 ambigua
1239 3561 1336 3614 tamen
1382 3621 1387 3626 ,

192 3658 237 3717 111
261 3656 388 3717 obscura
411 3654 456 3716 vel
479 3661 618 3733 corrupta
641 3654 869 3740 minimearido
892 3655 1111 3715 commentandi
1126 3672 1237 3733 genere
1259 3663 1337 3716 trac·

73 3755 81 3764 '
186 3760 306 3828 laverit,
342 3757 470 3834 denique
493 3755 728 3835 quibuscumque
750 3755 824 3816 locis
853 3757 914 3816 sive
941 3756 1166 3833 diligentissima
1189 3759 1337 3818 sermonis

187 3859 398 3921 observatione
421 3859 481 3918 sive
503 3875 604 3918 rerum
629 3876 664 3917 111
687 3855 891 3936 philosophiae
920 3857 1036 3917 areanis
1064 3863 1114 3918 aut
1142 3855 1336 3920 historiarum

188 3962 339 4022 thesauris
362 3959 594 4039 repetendarum
618 3960 806 4019 enarratione
828 3960 888 4018 sive
910 3957 1064 4037 multipiici
1080 3959 1260 4020 Graecorum
1282 3958 1338 4020 La-

188 4065 385 4140 tinorumque
408 4064 590 4141 scriptorum
612 4059 740 4122 lectione
762 4063 823 4120 sive
837 4061 947 4138 ingenii
964 4061 1100 4121 acumine
1115 4077 1206 4120 novae
1229 4059 1339 4138 aliquid
1358 4046 1368 4084 ¹

187 4167 266 4229 lucis
289 4165 402 4224 adferri
423 4181 513 4243 posse
535 4161 672 4242 putabat,
703 4179 741 4222 111
765 4162 970 4238 quaestionum
999 4161 1117 4240 quidem
1146 4160 1286 4239 ambages
1309 4170 1339 4222 11

186 4267 270 4327 devia
293 4266 412 4343 ingerit.

233 4425 235 4430 .
273 4366 376 4428 Talem
399 4375 498 4429 antem
522 4367 681 4444 imaginem
705 4385 808 4426 verum
834 4373 880 4426 est
902 4366 1117 4426 commentario
1145 4365 1175 4425 in
1205 4363 1336 4425 bucolica

188 4477 218 4530 11
231 4469 378 4546 georgica,
395 4471 446 4547 qui
458 4469 495 4528 hl.
509 4467 617 4528 Valerii
628 4467 716 4528 Probi
734 4469 910 4528 anctoritate
925 4468 1030 4534 fertur,
1048 4468 1152 4544 exigua
1169 4473 1281 4525 lantum
1301 4485 1335 4524 ux

1064 4565 1097 4628 ii
1112 4568 1128 4603 ’¹‘
