3212 5042
585 431 832 475 recenseamus,
1242 409 1284 471 65

137 604 240 664 luisse.
285 600 366 679 Ergo
394 605 444 660 aut
472 600 593 661 omnino
621 618 681 660 non
709 601 842 661 recitavit
864 598 982 660 Caesari
1003 596 1149 675 Vergilius
1175 596 1285 657 librum

137 706 280 785 primum,
303 702 354 763 sed
379 702 481 762 amicis
496 709 609 763 tautum
628 699 708 762 velut
722 702 887 781 Propertio,
912 701 962 778 qui
984 719 1050 761 cum
1065 716 1154 760 arma
1168 699 1285 759 Aeneae

138 807 294 884 ‘iactaque
309 803 426 865 Lavinis
441 806 559 865 moenia
580 803 735 864 litoribus’
758 823 835 865 anuo
852 799 913 864 728
934 800 979 862 vel
995 799 1057 862 729
1072 801 1287 881 praedicaverit

139 908 180 968 lll
202 904 260 976 34,
290 903 331 967 63
356 926 399 987 sq.
430 924 558 986 cumque
587 907 707 966 ‘nescio'
736 904 805 985 quid
834 907 928 966 maius
955 905 1037 964 nasci
1059 903 1166 966 lliade’
1194 922 1221 970 v,
1245 899 1286 963 65

139 1009 321 1090 promiserit,
346 1015 427 1073 certe
450 1007 573 1069 secundi
596 1026 713 1086 quoque
729 1007 798 1067 libri
814 1014 875 1068 tum
891 1007 1024 1068 notitiam
1041 1005 1287 1085 qualemcumque

140 1109 281 1171 habuisse
309 1109 442 1178 videtum
488 1117 539 1170 aut
572 1127 648 1187 quae
676 1127 767 1188 supra
796 1127 831 1169 ex
862 1107 994 1192 epistolis
1021 1109 1166 1188 principis
1193 1106 1286 1176 attuli,

141 1231 203 1274 nou
227 1211 264 1272 de
286 1212 402 1290 integro
432 1219 582 1291 poemate,
616 1211 667 1272 sed
691 1211 832 1272 decerta
860 1210 984 1291 quadam
1011 1217 1130 1290 praeter
1158 1211 1286 1288 primum

142 1313 253 1375 librum
276 1321 370 1393 parte,
400 1314 484 1374 cuius
505 1313 556 1374 illc
578 1321 649 1374 tunc
670 1314 799 1374 maxime
821 1314 958 1373 curiosus
981 1319 1057 1382 erat,
1089 1311 1287 1389 intellegenda

143 1424 194 1477 aut
216 1416 345 1496 denique
367 1433 427 1476 uon
457 1434 492 1476 eo
521 1403 670 1496 tempore,
700 1433 760 1493 quo
782 1415 913 1476 Donatus
939 1422 1055 1485 narrat,
1085 1415 1195 1495 scripta
1223 1432 1289 1474 esse

142 1517 330 1580 statuendum
354 1525 407 1578 εει.

155 1659 159 1668 ·
228 1619 391 1680 Recitando
421 1618 489 1680 huic
516 1619 593 1682 libro
620 1621 801 1701 praemissos
830 1639 845 1682 a
873 1626 961 1699 pocta
997 1636 1063 1680 esse
1094 1636 1196 1680 versus
1222 1617 1289 1678 illos
1390 1635 1391 1640 ¹

145 1727 285 1802 quattuor
314 1725 386 1782 ‘ille
413 1740 469 1798 epo
496 1726 549 1799 qui
574 1725 742 1799 quondom’
772 1741 797 1782 e.
821 1742 849 1802 q.
874 1741 897 1782 ε,
927 1739 1002 1801 quos
1029 1723 1094 1800 ipse
1121 1723 1153 1782 iu
1174 1728 1289 1781 textum

146 1825 242 1904 recipi
258 1823 413 1893 noluisset,
430 1825 556 1885 coniecit
568 1824 841 1904 Conradsp.XXV.‚
855 1823 934 1904 quod
950 1825 1001 1902 qui
1015 1823 1194 1904 probaverit,
1208 1831 1289 1883 certe

149 1932 219 1986 ante
242 1933 360 1986 ceteros
383 1944 486 1987 omnes
508 1926 588 1988 hunc
609 1927 718 1989 librum
739 1928 895 1988 recitatum
917 1926 1009 1986 luisse
1031 1933 1148 1988 statuet.

233 2027 330 2088 Pauca
353 2029 473 2088 omniuo
496 2031 527 2089 in
549 2030 606 2090 hoc
628 2029 706 2090 libro
728 2030 901 2108 inperfecta.
934 2028 1125 2089 Hemisiichia
1147 2029 1203 2088 tria
1218 2023 1291 2088 534.
1324 2009 1329 2026 ⁸

149 2126 223 2192 560.
240 2127 312 2191 636.
336 2129 486 2191 Lacunam
503 2117 591 2191 unam
612 2135 643 2192 in
665 2131 769 2192 Ilionei
792 2133 926 2192 oratioue
947 2138 1015 2210 post
1029 2150 1056 2192 v.
1072 2127 1136 2191 550
1155 2128 1290 2189 indicavi.

152 2232 227 2294 Nam
251 2251 276 2293 v.
302 2229 364 2292 668
388 2233 686 2311 medicenturque,
712 2241 743 2294 ut
765 2240 845 2294 extat
866 2233 895 2294 iu
919 2233 1051 2311 Mutyce,
1074 2231 1195 2292 Servius
1218 2247 1291 2308 quo·

148 2353 205 2412 que
228 2334 309 2412 legit,
333 2353 393 2396 non
415 2334 452 2395 ad
475 2337 617 2397 orationis
639 2335 802 2406 defectum,
832 2336 882 2413 qui
904 2334 1005 2396 nullus
1028 2342 1086 2406 est,
1115 2331 1291 2402 rettulerim,

148 2437 200 2498 sed
223 2455 313 2517 prava
337 2438 431 2498 critici
455 2439 599 2509 eiusdem,
624 2440 674 2519 qui
696 2437 766 2498 alibi
781 2455 899 2518 quoque
915 2455 1056 2498 numeros
1070 2437 1198 2517 inperite
1221 2453 1291 2515 sup-

149 2538 234 2618 plere
257 2541 388 2600 animum
417 2540 546 2611 induxit,
577 2542 747 2602 coniectura
775 2548 833 2600 est:
862 2559 895 2602 ac
918 2541 1119 2619 suprascripta
1143 2539 1176 2611 Q.
1204 2555 1294 2598 manu

151 2641 281 2702 secunda
315 2650 360 2702 est
387 2643 418 2702 in
448 2645 484 2703 F.
542 2643 617 2704 ltem
649 2645 799 2722 integrum
832 2642 928 2704 habeo
960 2649 1075 2703 textum
1102 2660 1129 2702 v.
1158 2637 1219 2701 607
1249 2657 1293 2717 sq.

151 2743 335 2822 Quamquam
367 2745 445 2804 enim
478 2745 588 2806 ceteris
621 2743 695 2832 locis
726 2744 863 2806 omnibus
889 2746 1045 2806 lustrandi
1074 2742 1198 2804 verbum
1227 2760 1294 2804 cum

150 2846 318 2906 accusativo
346 2847 500 2906 coniunxit
526 2853 629 2926 poeta,
660 2848 717 2909 nisi
745 2848 822 2926 quod
850 2850 921 2910 Aen.
946 2846 972 2907 ll
999 2842 1064 2908 564
1090 2846 1238 2926 ‘respicio
1267 2853 1297 2904 et

151 2964 227 3024 quae
248 2950 287 3008 sit
308 2966 357 3008 me
379 2949 491 3009 circum
515 2950 600 3028 copia
621 2949 736 3011 lustro'
760 2951 887 3030 scripsit,
910 2967 966 3009 nec
981 2949 1139 3028 quisquam
1154 2956 1295 3026 quantum

149 3051 212 3110 scio
228 3049 312 3111 aliter
328 3053 489 3130 usurpavit,
513 3059 612 3113 tamen
628 3051 754 3113 aliorum
771 3050 975 3132 exemplorum
991 3049 1183 3110 similitudine
1207 3052 1295 3110 etiam

149 3150 284 3216 absoluta
305 3154 333 3212 vi
354 3154 485 3232 positum
507 3155 579 3214 satis
601 3154 778 3216 defenditur.
825 3154 867 3214 lle
890 3171 949 3232 quo
972 3171 1040 3213 cum
1064 3152 1193 3213 dubitari
1215 3151 1296 3212 vide·

150 3273 231 3325 rem,
257 3254 363 3332 collegi
386 3273 462 3332 quae
484 3255 594 3317 hocin
616 3275 727 3334 genere
749 3257 856 3337 partim
879 3256 944 3317 aliis
964 3254 1137 3316 auctoribus
1165 3253 1299 3314 adhibuit

116 3375 119 3387 ·
149 3357 258 3436 partim
280 3358 345 3436 ipse
367 3357 552 3436 periclitatus
576 3365 621 3419 est
643 3367 747 3438 poeta:

194 3462 359 3543 accingunt
380 3479 484 3522 omnes
507 3463 592 3542 operi
613 3463 685 3522 Aen.
709 3457 821 3522 11235

196 3563 316 3622 addant
337 3562 368 3622 iu
390 3564 483 3643 spatia
505 3580 551 3641 ge.
576 3564 588 3623 l
610 3561 672 3625 513
696 3562 724 3644 (i.
742 3583 767 3624 e.
785 3581 844 3641 quo
859 3561 944 3643 plura
956 3562 1112 3625 absolvunt
1134 3565 1236 3644 spatia,
1261 3581 1298 3624 eo

281 3665 373 3742 magis
396 3664 508 3726 addunt
529 3665 662 3743 gradum)

198 3763 250 3824 ubi
272 3765 352 3826 nulla
375 3767 462 3828 datur
485 3768 588 3828 dextra
611 3768 773 3843 adfectare
794 3776 927 3848 potestas
948 3770 1019 3831 Aen.
1044 3767 1169 3830 111670

197 3869 310 3928 emetat
332 3869 363 3929 in
385 3877 488 3948 portas
509 3872 582 3931 Aen.
606 3870 646 3931 Xl
668 3867 732 3932 890

198 3971 313 4030 audere
334 3972 365 4030 in
389 3971 502 4051 proelia
524 3975 597 4056 Aqn.
621 3973 647 4033 ll
669 3971 731 4034 347

201 4089 290 4149 prora
319 4071 644 4136 unertitAeu.1104
672 4083 810 4137 avertens
838 4094 923 4137 rosea
953 4078 1068 4137 cervice
1094 4073 1212 4137 refulsit
1238 4073 1301 4136 402

282 4175 329 4256 (cl.
355 4175 408 4237 llll
430 4173 494 4237 389
517 4184 545 4237 ει
566 4195 613 4254 ge.
638 4175 771 4256 111499)

201 4278 317 4355 eripite,
342 4297 359 4337 o
383 4279 466 4349 socii,
489 4281 661 4360 pariterque
683 4283 828 4360 insurgite
851 4282 941 4341 remis
962 4284 1035 4342 Aen.
1057 4281 1096 4341 lll
1118 4278 1184 4342 560

198 4377 306 4439 Troiae
335 4382 377 4442 sic
407 4382 466 4442 lata
491 4382 636 4456 serebant
662 4386 735 4444 Aen.
765 4384 791 4444 ll
818 4380 860 4444 34
887 4401 963 4463 quae
993 4385 1075 4461 signa
1100 4383 1208 4458 seruat
1229 4386 1299 4444 Aen.

282 4481 317 4542 Vl
342 4481 402 4545 198

223 4597 359 4642 RlBBRCK,
380 4601 538 4640 PROLEGOM.
1074 4587 1096 4648 5
