<?xml version="1.0" encoding="UTF-8"?>
<!DOCTYPE html PUBLIC "-//W3C//DTD XHTML 1.0 Transitional//EN"
    "http://www.w3.org/TR/xhtml1/DTD/xhtml1-transitional.dtd">
<html xmlns="http://www.w3.org/1999/xhtml" xml:lang="en" lang="en">
 <head>
  <title>
</title>
<meta http-equiv="Content-Type" content="text/html;charset=utf-8" />
  <meta name='ocr-system' content='tesseract 3.04.00' />
  <meta name='ocr-capabilities' content='ocr_page ocr_carea ocr_par ocr_line ocrx_word'/>
</head>
<body>
  <div class='ocr_page' id='page_1' title='image "./pvergilimaronis02ribbgoog_0093.png"; bbox 0 0 3212 5042; ppageno 0'>
   <div class='ocr_carea' id='block_1_1' title="bbox 338 3 489 152">
    <p class='ocr_par' dir='ltr' id='par_1_1' title="bbox 338 3 489 152">
     <span class='ocr_line' id='line_1_1' title="bbox 338 3 489 152; baseline 0 0"><span class='ocrx_word' id='word_1_1' title='bbox 338 3 489 152; x_wconf 51' lang='grc' dir='ltr'><em>Ἀ</em></span> 
     </span>
    </p>
   </div>
   <div class='ocr_carea' id='block_1_2' title="bbox 172 402 992 470">
    <p class='ocr_par' dir='ltr' id='par_1_2' title="bbox 172 402 992 470">
     <span class='ocr_line' id='line_1_2' title="bbox 172 402 992 470; baseline 0 0"><span class='ocrx_word' id='word_1_2' title='bbox 172 410 211 455; x_wconf 62' lang='lat'>1‘</span> <span class='ocrx_word' id='word_1_3' title='bbox 297 402 339 470; x_wconf 82' lang='grc'>52</span> <span class='ocrx_word' id='word_1_4' title='bbox 747 425 992 470; x_wconf 78' lang='grc'><strong>33333333333.</strong></span> 
     </span>
    </p>
   </div>
   <div class='ocr_carea' id='block_1_3' title="bbox 297 590 1449 776">
    <p class='ocr_par' dir='ltr' id='par_1_3' title="bbox 297 590 1449 776">
     <span class='ocr_line' id='line_1_3' title="bbox 384 590 1444 675; baseline 0.002 -20"><span class='ocrx_word' id='word_1_5' title='bbox 384 596 424 656; x_wconf 83' lang='lat' dir='ltr'>lle</span> <span class='ocrx_word' id='word_1_6' title='bbox 453 593 550 654; x_wconf 90' lang='lat' dir='ltr'>tribus</span> <span class='ocrx_word' id='word_1_7' title='bbox 578 593 714 654; x_wconf 88' lang='lat' dir='ltr'>versibus</span> <span class='ocrx_word' id='word_1_8' title='bbox 743 593 782 654; x_wconf 97' lang='grc'>111</span> <span class='ocrx_word' id='word_1_9' title='bbox 811 590 996 664; x_wconf 80' lang='grc'><strong>437-439,</strong></span> <span class='ocrx_word' id='word_1_10' title='bbox 1031 613 1106 673; x_wconf 90' lang='lat' dir='ltr'>quos</span> <span class='ocrx_word' id='word_1_11' title='bbox 1135 593 1347 675; x_wconf 82' lang='lat' dir='ltr'>Peerlkampus</span> <span class='ocrx_word' id='word_1_12' title='bbox 1376 595 1395 656; x_wconf 94' lang='lat' dir='ltr'>l.</span> <span class='ocrx_word' id='word_1_13' title='bbox 1426 594 1444 657; x_wconf 94' lang='lat' dir='ltr'>l.</span> 
     </span>
     <span class='ocr_line' id='line_1_4' title="bbox 297 693 1449 776; baseline 0.002 -20"><span class='ocrx_word' id='word_1_14' title='bbox 297 693 360 758; x_wconf 90' lang='grc'>262</span> <span class='ocrx_word' id='word_1_15' title='bbox 383 701 463 756; x_wconf 77' lang='lat' dir='ltr'>‘tam</span> <span class='ocrx_word' id='word_1_16' title='bbox 486 697 623 774; x_wconf 86' lang='lat' dir='ltr'>spurios&#39;</span> <span class='ocrx_word' id='word_1_17' title='bbox 647 694 784 756; x_wconf 89' lang='lat' dir='ltr'>iudicavit</span> <span class='ocrx_word' id='word_1_18' title='bbox 813 699 917 774; x_wconf 74' lang='lat' dir='ltr'>‘quam</span> <span class='ocrx_word' id='word_1_19' title='bbox 940 695 992 756; x_wconf 94' lang='lat' dir='ltr'>ulli</span> <span class='ocrx_word' id='word_1_20' title='bbox 1014 697 1044 756; x_wconf 93' lang='lat' dir='ltr'>in</span> <span class='ocrx_word' id='word_1_21' title='bbox 1068 695 1219 766; x_wconf 90' lang='lat' dir='ltr'>omnibus,</span> <span class='ocrx_word' id='word_1_22' title='bbox 1249 715 1325 776; x_wconf 90' lang='lat' dir='ltr'>quos</span> <span class='ocrx_word' id='word_1_23' title='bbox 1346 703 1449 774; x_wconf 50' lang='lat' dir='ltr'>gram*</span> 
     </span>
    </p>
   </div>
   <div class='ocr_carea' id='block_1_4' title="bbox 202 797 1446 878">
    <p class='ocr_par' dir='ltr' id='par_1_4' title="bbox 202 797 1446 878">
     <span class='ocr_line' id='line_1_5' title="bbox 202 797 1446 878; baseline 0 -18"><span class='ocrx_word' id='word_1_24' title='bbox 202 870 206 878; x_wconf 22' lang='grc'>1</span> <span class='ocrx_word' id='word_1_25' title='bbox 297 801 398 860; x_wconf 81' lang='lat' dir='ltr'>malici</span> <span class='ocrx_word' id='word_1_26' title='bbox 436 797 606 876; x_wconf 88' lang='lat' dir='ltr'>Virgilianis</span> <span class='ocrx_word' id='word_1_27' title='bbox 644 798 887 858; x_wconf 86' lang='lat' dir='ltr'>immiscuerunt&#39;</span> <span class='ocrx_word' id='word_1_28' title='bbox 928 815 966 857; x_wconf 91' lang='lat' dir='ltr'>ne</span> <span class='ocrx_word' id='word_1_29' title='bbox 1004 817 1084 858; x_wconf 90' lang='grc'><strong>3333</strong></span> <span class='ocrx_word' id='word_1_30' title='bbox 1123 798 1241 876; x_wconf 92' lang='lat' dir='ltr'>quidem</span> <span class='ocrx_word' id='word_1_31' title='bbox 1284 799 1446 878; x_wconf 82' lang='lat' dir='ltr'><strong>quidquam</strong></span> 
     </span>
    </p>
   </div>
   <div class='ocr_carea' id='block_1_5' title="bbox 211 899 1449 4546">
    <p class='ocr_par' dir='ltr' id='par_1_5' title="bbox 297 899 1445 1082">
     <span class='ocr_line' id='line_1_6' title="bbox 297 899 1445 978; baseline 0.001 -17"><span class='ocrx_word' id='word_1_32' title='bbox 297 901 531 968; x_wconf 86' lang='lat' dir='ltr'>adfirmaverim,</span> <span class='ocrx_word' id='word_1_33' title='bbox 572 911 605 960; x_wconf 89' lang='grc'>31</span> <span class='ocrx_word' id='word_1_34' title='bbox 638 899 709 960; x_wconf 88' lang='grc'><strong>33113</strong></span> <span class='ocrx_word' id='word_1_35' title='bbox 742 899 867 960; x_wconf 84' lang='lat' dir='ltr'>habeam</span> <span class='ocrx_word' id='word_1_36' title='bbox 901 917 934 960; x_wconf 92' lang='lat' dir='ltr'>ea</span> <span class='ocrx_word' id='word_1_37' title='bbox 974 900 1155 977; x_wconf 87' lang='lat' dir='ltr'>significasse</span> <span class='ocrx_word' id='word_1_38' title='bbox 1193 917 1269 978; x_wconf 87' lang='lat' dir='ltr'>quae</span> <span class='ocrx_word' id='word_1_39' title='bbox 1302 901 1333 960; x_wconf 90' lang='lat' dir='ltr'>in</span> <span class='ocrx_word' id='word_1_40' title='bbox 1366 903 1445 962; x_wconf 89' lang='lat' dir='ltr'>notis</span> 
     </span>
     <span class='ocr_line' id='line_1_7' title="bbox 297 1002 448 1082; baseline 0.007 -19"><span class='ocrx_word' id='word_1_41' title='bbox 297 1002 448 1082; x_wconf 90' lang='lat' dir='ltr'>leguntur.</span> 
     </span>
    </p>

    <p class='ocr_par' dir='ltr' id='par_1_6' title="bbox 211 1100 1449 2102">
     <span class='ocr_line' id='line_1_8' title="bbox 383 1100 1447 1183; baseline 0 -19"><span class='ocrx_word' id='word_1_42' title='bbox 383 1104 511 1164; x_wconf 85' lang='lat' dir='ltr'>Temere</span> <span class='ocrx_word' id='word_1_43' title='bbox 533 1105 731 1183; x_wconf 74' lang='lat' dir='ltr'>vituperatum</span> <span class='ocrx_word' id='word_1_44' title='bbox 761 1102 797 1164; x_wconf 90' lang='lat' dir='ltr'>ab</span> <span class='ocrx_word' id='word_1_45' title='bbox 827 1102 930 1164; x_wconf 94' lang='lat' dir='ltr'>eodem</span> <span class='ocrx_word' id='word_1_46' title='bbox 954 1122 984 1183; x_wconf 90' lang='lat' dir='ltr'>p.</span> <span class='ocrx_word' id='word_1_47' title='bbox 1010 1100 1070 1164; x_wconf 89' lang='grc'>126</span> <span class='ocrx_word' id='word_1_48' title='bbox 1099 1104 1206 1183; x_wconf 89' lang='lat' dir='ltr'>putul</span> <span class='ocrx_word' id='word_1_49' title='bbox 1231 1100 1306 1174; x_wconf 87' lang='grc'><strong>168,</strong></span> <span class='ocrx_word' id='word_1_50' title='bbox 1336 1106 1387 1182; x_wconf 91' lang='lat' dir='ltr'>qui</span> <span class='ocrx_word' id='word_1_51' title='bbox 1417 1111 1447 1164; x_wconf 93' lang='lat' dir='ltr'>et</span> 
     </span>
     <span class='ocr_line' id='line_1_9' title="bbox 297 1195 1447 1284; baseline 0 -18"><span class='ocrx_word' id='word_1_52' title='bbox 297 1205 468 1267; x_wconf 82' lang='lat' dir='ltr'>detenditur</span> <span class='ocrx_word' id='word_1_53' title='bbox 501 1212 530 1266; x_wconf 92' lang='lat' dir='ltr'>et</span> <span class='ocrx_word' id='word_1_54' title='bbox 563 1195 726 1284; x_wconf 70' lang='lat' dir='ltr'><strong>explicatur</strong></span> <span class='ocrx_word' id='word_1_55' title='bbox 760 1203 916 1266; x_wconf 80' lang='lat' dir='ltr'>Eleusinae</span> <span class='ocrx_word' id='word_1_56' title='bbox 950 1196 1052 1266; x_wconf 84' lang='lat' dir='ltr'>matris</span> <span class='ocrx_word' id='word_1_57' title='bbox 1085 1212 1114 1265; x_wconf 90' lang='lat' dir='ltr'>et</span> <span class='ocrx_word' id='word_1_58' title='bbox 1145 1205 1242 1266; x_wconf 89' lang='lat' dir='ltr'>laccbi</span> <span class='ocrx_word' id='word_1_59' title='bbox 1275 1207 1447 1267; x_wconf 87' lang='lat' dir='ltr'>numinibus</span> 
     </span>
     <span class='ocr_line' id='line_1_10' title="bbox 298 1303 1448 1389; baseline 0 -21"><span class='ocrx_word' id='word_1_60' title='bbox 298 1305 370 1389; x_wconf 77' lang='lat'>(163</span> <span class='ocrx_word' id='word_1_61' title='bbox 386 1308 472 1387; x_wconf 81' lang='lat' dir='ltr'>sqq).</span> <span class='ocrx_word' id='word_1_62' title='bbox 501 1307 576 1367; x_wconf 91' lang='lat' dir='ltr'>ltem</span> <span class='ocrx_word' id='word_1_63' title='bbox 599 1307 674 1368; x_wconf 90' lang='lat' dir='ltr'>lalso</span> <span class='ocrx_word' id='word_1_64' title='bbox 690 1306 819 1367; x_wconf 91' lang='lat' dir='ltr'>damuati</span> <span class='ocrx_word' id='word_1_65' title='bbox 841 1307 868 1367; x_wconf 96' lang='lat' dir='ltr'>ll</span> <span class='ocrx_word' id='word_1_66' title='bbox 882 1303 944 1366; x_wconf 85' lang='grc'>528</span> <span class='ocrx_word' id='word_1_67' title='bbox 968 1315 998 1367; x_wconf 90' lang='grc'>31</span> <span class='ocrx_word' id='word_1_68' title='bbox 1020 1307 1056 1366; x_wconf 83' lang='grc'>(13</span> <span class='ocrx_word' id='word_1_69' title='bbox 1072 1306 1180 1386; x_wconf 89' lang='lat' dir='ltr'>quibus</span> <span class='ocrx_word' id='word_1_70' title='bbox 1195 1307 1272 1368; x_wconf 91' lang='lat' dir='ltr'>bene</span> <span class='ocrx_word' id='word_1_71' title='bbox 1288 1307 1448 1387; x_wconf 89' lang='lat' dir='ltr'>disputavit</span> 
     </span>
     <span class='ocr_line' id='line_1_11' title="bbox 297 1405 1447 1492; baseline 0 -22"><span class='ocrx_word' id='word_1_72' title='bbox 297 1409 459 1470; x_wconf 90' lang='lat' dir='ltr'>Ladevicus</span> <span class='ocrx_word' id='word_1_73' title='bbox 475 1407 494 1470; x_wconf 95' lang='lat' dir='ltr'>l.</span> <span class='ocrx_word' id='word_1_74' title='bbox 511 1408 530 1470; x_wconf 93' lang='lat' dir='ltr'>l.</span> <span class='ocrx_word' id='word_1_75' title='bbox 554 1428 584 1492; x_wconf 89' lang='lat' dir='ltr'>p.</span> <span class='ocrx_word' id='word_1_76' title='bbox 601 1405 643 1468; x_wconf 89' lang='grc'>24</span> <span class='ocrx_word' id='word_1_77' title='bbox 660 1427 762 1469; x_wconf 87' lang='lat' dir='ltr'>versus</span> <span class='ocrx_word' id='word_1_78' title='bbox 777 1405 905 1468; x_wconf 90' lang='grc'><strong>1111281</strong></span> <span class='ocrx_word' id='word_1_79' title='bbox 922 1427 966 1488; x_wconf 88' lang='lat' dir='ltr'>sq.</span> <span class='ocrx_word' id='word_1_80' title='bbox 1012 1408 1073 1469; x_wconf 90' lang='lat' dir='ltr'>Nec</span> <span class='ocrx_word' id='word_1_81' title='bbox 1094 1411 1173 1470; x_wconf 92' lang='lat' dir='ltr'>inter</span> <span class='ocrx_word' id='word_1_82' title='bbox 1196 1428 1247 1469; x_wconf 92' lang='lat' dir='ltr'>eos</span> <span class='ocrx_word' id='word_1_83' title='bbox 1270 1427 1346 1479; x_wconf 91' lang='lat' dir='ltr'>sum,</span> <span class='ocrx_word' id='word_1_84' title='bbox 1371 1427 1447 1487; x_wconf 92' lang='lat' dir='ltr'>quos</span> 
     </span>
     <span class='ocr_line' id='line_1_12' title="bbox 297 1507 1447 1589; baseline 0 -17"><span class='ocrx_word' id='word_1_85' title='bbox 297 1510 389 1572; x_wconf 90' lang='lat' dir='ltr'>semel</span> <span class='ocrx_word' id='word_1_86' title='bbox 413 1511 579 1571; x_wconf 88' lang='lat' dir='ltr'>admonitos</span> <span class='ocrx_word' id='word_1_87' title='bbox 595 1509 743 1589; x_wconf 82' lang='lat' dir='ltr'>Cyllarum</span> <span class='ocrx_word' id='word_1_88' title='bbox 767 1516 796 1570; x_wconf 91' lang='grc'>31</span> <span class='ocrx_word' id='word_1_89' title='bbox 817 1509 922 1570; x_wconf 91' lang='lat' dir='ltr'>Graios</span> <span class='ocrx_word' id='word_1_90' title='bbox 945 1517 1050 1589; x_wconf 89' lang='lat' dir='ltr'>poetas</span> <span class='ocrx_word' id='word_1_91' title='bbox 1072 1511 1112 1571; x_wconf 96' lang='grc'>111</span> <span class='ocrx_word' id='word_1_92' title='bbox 1135 1507 1177 1571; x_wconf 87' lang='lat'>90</span> <span class='ocrx_word' id='word_1_93' title='bbox 1198 1511 1364 1575; x_wconf 89' lang='lat' dir='ltr'>reiecturos</span> <span class='ocrx_word' id='word_1_94' title='bbox 1381 1530 1447 1572; x_wconf 87' lang='lat' dir='ltr'>esse</span> 
     </span>
     <span class='ocr_line' id='line_1_13' title="bbox 211 1591 1449 1690; baseline 0.002 -18"><span class='ocrx_word' id='word_1_95' title='bbox 211 1681 222 1690; x_wconf 45' lang='lat'>‚</span> <span class='ocrx_word' id='word_1_96' title='bbox 301 1613 499 1674; x_wconf 85' lang='lat' dir='ltr'>confidentius</span> <span class='ocrx_word' id='word_1_97' title='bbox 512 1613 638 1673; x_wconf 91' lang='lat' dir='ltr'>Batavus</span> <span class='ocrx_word' id='word_1_98' title='bbox 652 1630 682 1690; x_wconf 91' lang='lat' dir='ltr'>p.</span> <span class='ocrx_word' id='word_1_99' title='bbox 693 1608 756 1672; x_wconf 81' lang='lat'>235</span> <span class='ocrx_word' id='word_1_100' title='bbox 772 1611 935 1672; x_wconf 89' lang='lat' dir='ltr'>adseverat.</span> <span class='ocrx_word' id='word_1_101' title='bbox 958 1610 1033 1671; x_wconf 85' lang='lat' dir='ltr'>Tres</span> <span class='ocrx_word' id='word_1_102' title='bbox 1049 1591 1128 1672; x_wconf 91' lang='lat' dir='ltr'>enim</span> <span class='ocrx_word' id='word_1_103' title='bbox 1143 1631 1246 1672; x_wconf 87' lang='lat' dir='ltr'>versus</span> <span class='ocrx_word' id='word_1_104' title='bbox 1261 1609 1385 1674; x_wconf 83' lang='lat'>89-91</span> <span class='ocrx_word' id='word_1_105' title='bbox 1402 1615 1449 1674; x_wconf 82' lang='lat' dir='ltr'>vel</span> 
     </span>
     <span class='ocr_line' id='line_1_14' title="bbox 296 1709 1447 1794; baseline 0.002 -20"><span class='ocrx_word' id='word_1_106' title='bbox 296 1717 429 1776; x_wconf 89' lang='lat' dir='ltr'>ternario</span> <span class='ocrx_word' id='word_1_107' title='bbox 460 1716 648 1794; x_wconf 91' lang='lat' dir='ltr'>sequentium</span> <span class='ocrx_word' id='word_1_108' title='bbox 676 1731 818 1774; x_wconf 89' lang='lat' dir='ltr'>versuum</span> <span class='ocrx_word' id='word_1_109' title='bbox 847 1709 990 1782; x_wconf 83' lang='grc'><strong>92-94,</strong></span> <span class='ocrx_word' id='word_1_110' title='bbox 1020 1715 1071 1792; x_wconf 93' lang='lat' dir='ltr'>qui</span> <span class='ocrx_word' id='word_1_111' title='bbox 1091 1720 1129 1774; x_wconf 82' lang='lat' dir='ltr'>et</span> <span class='ocrx_word' id='word_1_112' title='bbox 1156 1715 1214 1793; x_wconf 93' lang='lat' dir='ltr'>ipsi</span> <span class='ocrx_word' id='word_1_113' title='bbox 1243 1714 1346 1774; x_wconf 73' lang='lat' dir='ltr'>‘talis&#39;</span> <span class='ocrx_word' id='word_1_114' title='bbox 1374 1733 1447 1776; x_wconf 87' lang='lat' dir='ltr'>voce</span> 
     </span>
     <span class='ocr_line' id='line_1_15' title="bbox 295 1813 1445 1896; baseline 0.002 -20"><span class='ocrx_word' id='word_1_115' title='bbox 295 1818 454 1896; x_wconf 88' lang='lat' dir='ltr'>incipiunt,</span> <span class='ocrx_word' id='word_1_116' title='bbox 479 1834 605 1876; x_wconf 93' lang='lat' dir='ltr'>numero</span> <span class='ocrx_word' id='word_1_117' title='bbox 628 1815 755 1893; x_wconf 84' lang='lat' dir='ltr'>flagitari</span> <span class='ocrx_word' id='word_1_118' title='bbox 777 1815 923 1880; x_wconf 90' lang='lat' dir='ltr'>videntur.</span> <span class='ocrx_word' id='word_1_119' title='bbox 969 1815 1000 1874; x_wconf 91' lang='lat' dir='ltr'>Si</span> <span class='ocrx_word' id='word_1_120' title='bbox 1023 1822 1120 1876; x_wconf 92' lang='lat' dir='ltr'>autem</span> <span class='ocrx_word' id='word_1_121' title='bbox 1143 1833 1261 1876; x_wconf 89' lang='lat' dir='ltr'>versum</span> <span class='ocrx_word' id='word_1_122' title='bbox 1284 1813 1323 1876; x_wconf 87' lang='grc'>91</span> <span class='ocrx_word' id='word_1_123' title='bbox 1348 1819 1445 1878; x_wconf 90' lang='lat' dir='ltr'>statim</span> 
     </span>
     <span class='ocr_line' id='line_1_16' title="bbox 295 1916 1445 1997; baseline 0.002 -21"><span class='ocrx_word' id='word_1_124' title='bbox 295 1937 323 1980; x_wconf 92' lang='lat' dir='ltr'>v.</span> <span class='ocrx_word' id='word_1_125' title='bbox 347 1916 389 1979; x_wconf 84' lang='lat'>89</span> <span class='ocrx_word' id='word_1_126' title='bbox 412 1917 614 1979; x_wconf 88' lang='lat' dir='ltr'>subiunxisset</span> <span class='ocrx_word' id='word_1_127' title='bbox 636 1925 738 1997; x_wconf 89' lang='lat' dir='ltr'>poeta,</span> <span class='ocrx_word' id='word_1_128' title='bbox 764 1918 934 1996; x_wconf 89' lang='lat' dir='ltr'>repetiisset</span> <span class='ocrx_word' id='word_1_129' title='bbox 956 1922 1028 1995; x_wconf 92' lang='lat' dir='ltr'>puto</span> <span class='ocrx_word' id='word_1_130' title='bbox 1051 1920 1136 1978; x_wconf 79' lang='lat' dir='ltr'>talea.</span> <span class='ocrx_word' id='word_1_131' title='bbox 1167 1916 1230 1978; x_wconf 78' lang='lat' dir='ltr'>Alia</span> <span class='ocrx_word' id='word_1_132' title='bbox 1254 1919 1369 1978; x_wconf 92' lang='lat' dir='ltr'>monuit</span> <span class='ocrx_word' id='word_1_133' title='bbox 1390 1918 1445 1978; x_wconf 83' lang='grc'>13-</span> 
     </span>
     <span class='ocr_line' id='line_1_17' title="bbox 297 2014 803 2102; baseline -0.002 -22"><span class='ocrx_word' id='word_1_134' title='bbox 297 2020 415 2080; x_wconf 90' lang='lat' dir='ltr'>devicns</span> <span class='ocrx_word' id='word_1_135' title='bbox 438 2021 468 2080; x_wconf 94' lang='grc'>13</span> <span class='ocrx_word' id='word_1_136' title='bbox 492 2019 656 2098; x_wconf 80' lang='lat' dir='ltr'>appendice</span> <span class='ocrx_word' id='word_1_137' title='bbox 678 2038 707 2102; x_wconf 77' lang='lat' dir='ltr'>P:</span> <span class='ocrx_word' id='word_1_138' title='bbox 733 2014 803 2079; x_wconf 82' lang='lat'>195.</span> 
     </span>
    </p>

    <p class='ocr_par' dir='ltr' id='par_1_7' title="bbox 267 2105 1447 3420">
     <span class='ocr_line' id='line_1_18' title="bbox 381 2105 1447 2201; baseline 0 -18"><span class='ocrx_word' id='word_1_139' title='bbox 381 2121 472 2183; x_wconf 90' lang='lat' dir='ltr'>Paulo</span> <span class='ocrx_word' id='word_1_140' title='bbox 503 2129 570 2199; x_wconf 92' lang='lat' dir='ltr'>post</span> <span class='ocrx_word' id='word_1_141' title='bbox 607 2105 784 2201; x_wconf 89' lang='lat' dir='ltr'>disciplicait</span> <span class='ocrx_word' id='word_1_142' title='bbox 812 2138 908 2198; x_wconf 84' lang='lat' dir='ltr'>nuper</span> <span class='ocrx_word' id='word_1_143' title='bbox 936 2120 1068 2196; x_wconf 80' lang='lat' dir='ltr'>Hanovio</span> <span class='ocrx_word' id='word_1_144' title='bbox 1103 2119 1142 2200; x_wconf 91' lang='lat' dir='ltr'>(p.</span> <span class='ocrx_word' id='word_1_145' title='bbox 1173 2117 1212 2181; x_wconf 92' lang='grc'>12</span> <span class='ocrx_word' id='word_1_146' title='bbox 1240 2119 1295 2200; x_wconf 84' lang='lat' dir='ltr'>sq.)</span> <span class='ocrx_word' id='word_1_147' title='bbox 1325 2123 1447 2183; x_wconf 77' lang='lat' dir='ltr'>Ameisii</span> 
     </span>
     <span class='ocr_line' id='line_1_19' title="bbox 298 2221 1445 2304; baseline 0 -20"><span class='ocrx_word' id='word_1_148' title='bbox 298 2242 440 2304; x_wconf 91' lang='lat' dir='ltr'>perversa</span> <span class='ocrx_word' id='word_1_149' title='bbox 465 2224 664 2303; x_wconf 80' lang='lat' dir='ltr'>explicatione</span> <span class='ocrx_word' id='word_1_150' title='bbox 687 2222 813 2302; x_wconf 91' lang='lat' dir='ltr'>quadam</span> <span class='ocrx_word' id='word_1_151' title='bbox 843 2221 966 2282; x_wconf 91' lang='lat' dir='ltr'>seducto</span> <span class='ocrx_word' id='word_1_152' title='bbox 995 2223 1074 2301; x_wconf 91' lang='lat' dir='ltr'>quod</span> <span class='ocrx_word' id='word_1_153' title='bbox 1103 2222 1154 2283; x_wconf 89' lang='lat' dir='ltr'>ubi</span> <span class='ocrx_word' id='word_1_154' title='bbox 1183 2225 1308 2284; x_wconf 91' lang='lat' dir='ltr'>senioris</span> <span class='ocrx_word' id='word_1_155' title='bbox 1337 2224 1445 2284; x_wconf 91' lang='lat' dir='ltr'>admis-</span> 
     </span>
     <span class='ocr_line' id='line_1_20' title="bbox 296 2321 1447 2402; baseline -0.001 -16"><span class='ocrx_word' id='word_1_156' title='bbox 296 2327 369 2386; x_wconf 92' lang='lat' dir='ltr'>sarii</span> <span class='ocrx_word' id='word_1_157' title='bbox 391 2325 566 2402; x_wconf 85' lang='lat' dir='ltr'>languorem</span> <span class='ocrx_word' id='word_1_158' title='bbox 591 2323 732 2384; x_wconf 78' lang='lat' dir='ltr'>describit</span> <span class='ocrx_word' id='word_1_159' title='bbox 755 2331 842 2402; x_wconf 88' lang='lat' dir='ltr'>poeta</span> <span class='ocrx_word' id='word_1_160' title='bbox 865 2321 1032 2399; x_wconf 73' lang='lat' dir='ltr'>(ut-100)</span> <span class='ocrx_word' id='word_1_161' title='bbox 1062 2323 1109 2385; x_wconf 89' lang='lat' dir='ltr'>bis</span> <span class='ocrx_word' id='word_1_162' title='bbox 1131 2325 1210 2385; x_wconf 89' lang='lat' dir='ltr'>idem</span> <span class='ocrx_word' id='word_1_163' title='bbox 1233 2325 1344 2385; x_wconf 84' lang='lat' dir='ltr'>dixisse</span> <span class='ocrx_word' id='word_1_164' title='bbox 1368 2325 1447 2385; x_wconf 90' lang='lat' dir='ltr'>vide-</span> 
     </span>
     <span class='ocr_line' id='line_1_21' title="bbox 296 2425 1447 2506; baseline 0.001 -20"><span class='ocrx_word' id='word_1_165' title='bbox 296 2434 355 2498; x_wconf 89' lang='lat' dir='ltr'>tur,</span> <span class='ocrx_word' id='word_1_166' title='bbox 380 2446 448 2487; x_wconf 91' lang='lat' dir='ltr'>cum</span> <span class='ocrx_word' id='word_1_167' title='bbox 472 2435 501 2486; x_wconf 93' lang='lat' dir='ltr'>et</span> <span class='ocrx_word' id='word_1_168' title='bbox 523 2425 664 2504; x_wconf 83' lang='lat' dir='ltr'>trigidum</span> <span class='ocrx_word' id='word_1_169' title='bbox 687 2428 717 2485; x_wconf 96' lang='grc'>13</span> <span class='ocrx_word' id='word_1_170' title='bbox 733 2425 879 2486; x_wconf 86' lang='lat' dir='ltr'>Venerem</span> <span class='ocrx_word' id='word_1_171' title='bbox 906 2431 935 2484; x_wconf 90' lang='lat' dir='ltr'>et</span> <span class='ocrx_word' id='word_1_172' title='bbox 956 2427 988 2486; x_wconf 95' lang='lat' dir='ltr'>in</span> <span class='ocrx_word' id='word_1_173' title='bbox 1010 2425 1133 2506; x_wconf 91' lang='lat' dir='ltr'>proeliis</span> <span class='ocrx_word' id='word_1_174' title='bbox 1149 2427 1274 2488; x_wconf 85' lang='lat' dir='ltr'>Veneris</span> <span class='ocrx_word' id='word_1_175' title='bbox 1296 2428 1447 2487; x_wconf 91' lang='lat' dir='ltr'>incassum</span> 
     </span>
     <span class='ocr_line' id='line_1_22' title="bbox 267 2527 1446 2623; baseline 0 -35"><span class='ocrx_word' id='word_1_176' title='bbox 267 2603 270 2610; x_wconf 18' lang='lat'><strong>⁴</strong></span> <span class='ocrx_word' id='word_1_177' title='bbox 297 2530 397 2590; x_wconf 88' lang='lat' dir='ltr'>lurere</span> <span class='ocrx_word' id='word_1_178' title='bbox 420 2529 544 2588; x_wconf 90' lang='lat' dir='ltr'>dixerit:</span> <span class='ocrx_word' id='word_1_179' title='bbox 577 2527 752 2607; x_wconf 89' lang='lat' dir='ltr'>expellenda</span> <span class='ocrx_word' id='word_1_180' title='bbox 774 2529 864 2606; x_wconf 90' lang='lat' dir='ltr'>igitur</span> <span class='ocrx_word' id='word_1_181' title='bbox 887 2535 989 2623; x_wconf 77' lang='lat' dir='ltr'>censet</span> <span class='ocrx_word' id='word_1_182' title='bbox 1010 2527 1107 2588; x_wconf 90' lang='lat' dir='ltr'>media</span> <span class='ocrx_word' id='word_1_183' title='bbox 1130 2528 1203 2589; x_wconf 91' lang='lat' dir='ltr'>haec</span> <span class='ocrx_word' id='word_1_184' title='bbox 1227 2529 1359 2598; x_wconf 80' lang='lat' dir='ltr'>‘senior,</span> <span class='ocrx_word' id='word_1_185' title='bbox 1384 2530 1446 2588; x_wconf 82' lang='lat' dir='ltr'>iru-</span> 
     </span>
     <span class='ocr_line' id='line_1_23' title="bbox 296 2629 1446 2710; baseline 0 -20"><span class='ocrx_word' id='word_1_186' title='bbox 296 2641 416 2710; x_wconf 86' lang='lat' dir='ltr'>straque</span> <span class='ocrx_word' id='word_1_187' title='bbox 440 2629 575 2690; x_wconf 85' lang='lat' dir='ltr'>laborem</span> <span class='ocrx_word' id='word_1_188' title='bbox 598 2631 748 2707; x_wconf 87' lang='lat' dir='ltr'>ingratum</span> <span class='ocrx_word' id='word_1_189' title='bbox 772 2629 893 2690; x_wconf 89' lang='lat' dir='ltr'>trabit.’</span> <span class='ocrx_word' id='word_1_190' title='bbox 945 2629 1035 2707; x_wconf 82' lang='grc'><strong>03331</strong></span> <span class='ocrx_word' id='word_1_191' title='bbox 1066 2648 1135 2690; x_wconf 91' lang='lat' dir='ltr'>vero</span> <span class='ocrx_word' id='word_1_192' title='bbox 1159 2629 1209 2690; x_wconf 91' lang='grc'><strong>1311</strong></span> <span class='ocrx_word' id='word_1_193' title='bbox 1231 2631 1348 2690; x_wconf 88' lang='lat' dir='ltr'>ratione</span> <span class='ocrx_word' id='word_1_194' title='bbox 1371 2631 1446 2690; x_wconf 85' lang='lat' dir='ltr'>dilli-</span> 
     </span>
     <span class='ocr_line' id='line_1_24' title="bbox 297 2731 1447 2811; baseline 0 -19"><span class='ocrx_word' id='word_1_195' title='bbox 297 2731 446 2802; x_wconf 84' lang='lat' dir='ltr'>cultatem,</span> <span class='ocrx_word' id='word_1_196' title='bbox 463 2733 560 2811; x_wconf 92' lang='lat' dir='ltr'>siqua</span> <span class='ocrx_word' id='word_1_197' title='bbox 577 2738 630 2801; x_wconf 89' lang='lat' dir='ltr'>est,</span> <span class='ocrx_word' id='word_1_198' title='bbox 647 2732 837 2791; x_wconf 88' lang='lat' dir='ltr'>removisset!</span> <span class='ocrx_word' id='word_1_199' title='bbox 854 2750 891 2791; x_wconf 90' lang='lat' dir='ltr'>an</span> <span class='ocrx_word' id='word_1_200' title='bbox 907 2731 985 2790; x_wconf 92' lang='lat' dir='ltr'>idem</span> <span class='ocrx_word' id='word_1_201' title='bbox 1002 2749 1073 2791; x_wconf 89' lang='lat' dir='ltr'>ecus</span> <span class='ocrx_word' id='word_1_202' title='bbox 1090 2731 1178 2792; x_wconf 90' lang='lat' dir='ltr'>simul</span> <span class='ocrx_word' id='word_1_203' title='bbox 1194 2732 1320 2810; x_wconf 83' lang='lat' dir='ltr'>frigidus</span> <span class='ocrx_word' id='word_1_204' title='bbox 1338 2750 1402 2792; x_wconf 88' lang='lat' dir='ltr'>esse</span> <span class='ocrx_word' id='word_1_205' title='bbox 1418 2741 1447 2792; x_wconf 92' lang='lat' dir='ltr'>et</span> 
     </span>
     <span class='ocr_line' id='line_1_25' title="bbox 299 2833 1447 2912; baseline 0 -20"><span class='ocrx_word' id='word_1_206' title='bbox 299 2835 378 2910; x_wconf 86' lang='lat' dir='ltr'>ignis</span> <span class='ocrx_word' id='word_1_207' title='bbox 400 2834 494 2893; x_wconf 89' lang='lat' dir='ltr'>instar</span> <span class='ocrx_word' id='word_1_208' title='bbox 516 2834 618 2893; x_wconf 87' lang='lat' dir='ltr'>lurere</span> <span class='ocrx_word' id='word_1_209' title='bbox 641 2834 769 2911; x_wconf 81' lang='lat' dir='ltr'>poterit?</span> <span class='ocrx_word' id='word_1_210' title='bbox 792 2835 883 2893; x_wconf 94' lang='lat' dir='ltr'>immo</span> <span class='ocrx_word' id='word_1_211' title='bbox 906 2841 956 2894; x_wconf 90' lang='lat' dir='ltr'>aut</span> <span class='ocrx_word' id='word_1_212' title='bbox 978 2835 1087 2893; x_wconf 82' lang='lat' dir='ltr'>inritus</span> <span class='ocrx_word' id='word_1_213' title='bbox 1110 2833 1267 2912; x_wconf 90' lang='lat' dir='ltr'>lentusque</span> <span class='ocrx_word' id='word_1_214' title='bbox 1282 2841 1333 2894; x_wconf 91' lang='lat' dir='ltr'>aut</span> <span class='ocrx_word' id='word_1_215' title='bbox 1348 2836 1372 2893; x_wconf 91' lang='lat' dir='ltr'>si</span> <span class='ocrx_word' id='word_1_216' title='bbox 1388 2851 1447 2911; x_wconf 95' lang='lat' dir='ltr'>quo</span> 
     </span>
     <span class='ocr_line' id='line_1_26' title="bbox 296 2933 1447 3014; baseline 0.001 -19"><span class='ocrx_word' id='word_1_217' title='bbox 296 2935 407 2995; x_wconf 92' lang='lat' dir='ltr'>ardore</span> <span class='ocrx_word' id='word_1_218' title='bbox 431 2943 587 3014; x_wconf 83' lang='lat' dir='ltr'>correptus</span> <span class='ocrx_word' id='word_1_219' title='bbox 610 2936 701 2995; x_wconf 89' lang='lat' dir='ltr'>luerit</span> <span class='ocrx_word' id='word_1_220' title='bbox 722 2933 867 2996; x_wconf 88' lang='lat' dir='ltr'>invalidus</span> <span class='ocrx_word' id='word_1_221' title='bbox 896 2936 952 2995; x_wconf 86' lang='lat' dir='ltr'>crit</span> <span class='ocrx_word' id='word_1_222' title='bbox 979 2935 1138 3013; x_wconf 90' lang='lat' dir='ltr'>putandus.</span> <span class='ocrx_word' id='word_1_223' title='bbox 1177 2935 1288 2996; x_wconf 88' lang='lat' dir='ltr'>Invitus</span> <span class='ocrx_word' id='word_1_224' title='bbox 1312 2942 1341 2995; x_wconf 92' lang='lat' dir='ltr'>et</span> <span class='ocrx_word' id='word_1_225' title='bbox 1363 2937 1447 3012; x_wconf 86' lang='lat' dir='ltr'>quasi</span> 
     </span>
     <span class='ocr_line' id='line_1_27' title="bbox 297 3035 1445 3116; baseline 0.001 -20"><span class='ocrx_word' id='word_1_226' title='bbox 297 3044 419 3098; x_wconf 88' lang='lat' dir='ltr'>coactus</span> <span class='ocrx_word' id='word_1_227' title='bbox 443 3037 575 3098; x_wconf 91' lang='lat' dir='ltr'>laborem</span> <span class='ocrx_word' id='word_1_228' title='bbox 600 3036 757 3115; x_wconf 84' lang='lat' dir='ltr'>subigendi</span> <span class='ocrx_word' id='word_1_229' title='bbox 781 3053 872 3113; x_wconf 89' lang='lat' dir='ltr'>equas</span> <span class='ocrx_word' id='word_1_230' title='bbox 894 3036 984 3098; x_wconf 88' lang='lat' dir='ltr'>trabit</span> <span class='ocrx_word' id='word_1_231' title='bbox 1004 3038 1151 3116; x_wconf 91' lang='lat' dir='ltr'>ingratum</span> <span class='ocrx_word' id='word_1_232' title='bbox 1181 3035 1247 3106; x_wconf 90' lang='lat' dir='ltr'>sibi,</span> <span class='ocrx_word' id='word_1_233' title='bbox 1276 3044 1309 3097; x_wconf 91' lang='grc'>31</span> <span class='ocrx_word' id='word_1_234' title='bbox 1337 3038 1445 3098; x_wconf 83' lang='lat' dir='ltr'>frustra</span> 
     </span>
     <span class='ocr_line' id='line_1_28' title="bbox 296 3121 1447 3219; baseline 0 -21"><span class='ocrx_word' id='word_1_235' title='bbox 296 3141 334 3199; x_wconf 93' lang='lat' dir='ltr'>sit</span> <span class='ocrx_word' id='word_1_236' title='bbox 357 3139 460 3208; x_wconf 93' lang='lat' dir='ltr'>labor;</span> <span class='ocrx_word' id='word_1_237' title='bbox 486 3137 542 3199; x_wconf 91' lang='lat' dir='ltr'>alia</span> <span class='ocrx_word' id='word_1_238' title='bbox 565 3157 662 3207; x_wconf 88' lang='grc'><strong>33333,</strong></span> <span class='ocrx_word' id='word_1_239' title='bbox 688 3137 740 3198; x_wconf 90' lang='lat' dir='ltr'>sed</span> <span class='ocrx_word' id='word_1_240' title='bbox 764 3121 842 3198; x_wconf 90' lang='lat' dir='ltr'>idem</span> <span class='ocrx_word' id='word_1_241' title='bbox 867 3129 988 3200; x_wconf 82' lang='lat' dir='ltr'>effectus</span> <span class='ocrx_word' id='word_1_242' title='bbox 1012 3148 1064 3208; x_wconf 90' lang='lat' dir='ltr'>est,</span> <span class='ocrx_word' id='word_1_243' title='bbox 1089 3139 1233 3219; x_wconf 87' lang='lat' dir='ltr'>siquando</span> <span class='ocrx_word' id='word_1_244' title='bbox 1256 3158 1324 3200; x_wconf 91' lang='lat' dir='ltr'>sero</span> <span class='ocrx_word' id='word_1_245' title='bbox 1346 3158 1447 3199; x_wconf 90' lang='lat' dir='ltr'>amore</span> 
     </span>
     <span class='ocr_line' id='line_1_29' title="bbox 297 3239 1443 3320; baseline -0.001 -19"><span class='ocrx_word' id='word_1_246' title='bbox 297 3243 438 3302; x_wconf 89' lang='lat' dir='ltr'>incensus</span> <span class='ocrx_word' id='word_1_247' title='bbox 462 3242 573 3301; x_wconf 89' lang='lat' dir='ltr'>maiore</span> <span class='ocrx_word' id='word_1_248' title='bbox 596 3241 709 3320; x_wconf 90' lang='lat' dir='ltr'>impetu</span> <span class='ocrx_word' id='word_1_249' title='bbox 732 3239 845 3319; x_wconf 88' lang='lat' dir='ltr'>proelia</span> <span class='ocrx_word' id='word_1_250' title='bbox 867 3240 991 3301; x_wconf 90' lang='lat' dir='ltr'>Veneris</span> <span class='ocrx_word' id='word_1_251' title='bbox 1014 3248 1150 3302; x_wconf 88' lang='lat' dir='ltr'>exercet:</span> <span class='ocrx_word' id='word_1_252' title='bbox 1184 3242 1256 3301; x_wconf 88' lang='lat' dir='ltr'>lurit</span> <span class='ocrx_word' id='word_1_253' title='bbox 1279 3243 1366 3311; x_wconf 87' lang='lat' dir='ltr'>enim,</span> <span class='ocrx_word' id='word_1_254' title='bbox 1391 3241 1443 3301; x_wconf 90' lang='lat' dir='ltr'>sed</span> 
     </span>
     <span class='ocr_line' id='line_1_30' title="bbox 297 3341 1325 3420; baseline 0.002 -18"><span class='ocrx_word' id='word_1_255' title='bbox 297 3344 371 3403; x_wconf 90' lang='lat' dir='ltr'>lurit</span> <span class='ocrx_word' id='word_1_256' title='bbox 394 3344 458 3402; x_wconf 95' lang='grc'><strong>3133</strong></span> <span class='ocrx_word' id='word_1_257' title='bbox 481 3342 603 3412; x_wconf 72' lang='lat' dir='ltr'>viribus</span> <span class='ocrx_word' id='word_1_258' title='bbox 627 3351 659 3403; x_wconf 88' lang='lat' dir='ltr'>ut</span> <span class='ocrx_word' id='word_1_259' title='bbox 682 3361 750 3403; x_wconf 86' lang='lat' dir='ltr'>mox</span> <span class='ocrx_word' id='word_1_260' title='bbox 773 3341 944 3420; x_wconf 83' lang='lat' dir='ltr'>languescat</span> <span class='ocrx_word' id='word_1_261' title='bbox 967 3361 1023 3402; x_wconf 92' lang='grc'>333</span> <span class='ocrx_word' id='word_1_262' title='bbox 1046 3343 1174 3403; x_wconf 85' lang='lat' dir='ltr'>subiciat</span> <span class='ocrx_word' id='word_1_263' title='bbox 1198 3345 1325 3404; x_wconf 92' lang='lat' dir='ltr'>muneri.</span> 
     </span>
    </p>

    <p class='ocr_par' dir='ltr' id='par_1_8' title="bbox 295 3443 1446 3829">
     <span class='ocr_line' id='line_1_31' title="bbox 380 3443 1444 3523; baseline 0.002 -19"><span class='ocrx_word' id='word_1_264' title='bbox 380 3444 414 3504; x_wconf 95' lang='lat' dir='ltr'>ln</span> <span class='ocrx_word' id='word_1_265' title='bbox 444 3444 549 3504; x_wconf 91' lang='lat' dir='ltr'>eodem</span> <span class='ocrx_word' id='word_1_266' title='bbox 577 3443 654 3503; x_wconf 92' lang='lat' dir='ltr'>libro</span> <span class='ocrx_word' id='word_1_267' title='bbox 682 3443 900 3523; x_wconf 88' lang='lat' dir='ltr'>Peerlkampus</span> <span class='ocrx_word' id='word_1_268' title='bbox 928 3443 1085 3523; x_wconf 89' lang='lat' dir='ltr'>pulchram</span> <span class='ocrx_word' id='word_1_269' title='bbox 1110 3445 1267 3523; x_wconf 83' lang='lat' dir='ltr'>imaginem</span> <span class='ocrx_word' id='word_1_270' title='bbox 1292 3463 1360 3505; x_wconf 92' lang='lat' dir='ltr'>cum</span> <span class='ocrx_word' id='word_1_271' title='bbox 1384 3463 1444 3506; x_wconf 93' lang='lat' dir='ltr'>non</span> 
     </span>
     <span class='ocr_line' id='line_1_32' title="bbox 295 3543 1445 3624; baseline 0.002 -19"><span class='ocrx_word' id='word_1_272' title='bbox 295 3545 483 3624; x_wconf 88' lang='lat' dir='ltr'>intellegeret</span> <span class='ocrx_word' id='word_1_273' title='bbox 505 3544 615 3606; x_wconf 89' lang='lat' dir='ltr'>delevit</span> <span class='ocrx_word' id='word_1_274' title='bbox 637 3544 769 3606; x_wconf 87' lang='lat' dir='ltr'>eiusdem</span> <span class='ocrx_word' id='word_1_275' title='bbox 791 3545 860 3606; x_wconf 93' lang='lat' dir='ltr'>libri</span> <span class='ocrx_word' id='word_1_276' title='bbox 876 3548 969 3607; x_wconf 89' lang='grc'><strong>313313</strong></span> <span class='ocrx_word' id='word_1_277' title='bbox 987 3565 1012 3607; x_wconf 84' lang='grc' dir='ltr'>ν.</span> <span class='ocrx_word' id='word_1_278' title='bbox 1028 3543 1102 3608; x_wconf 81' lang='grc'><strong>470.</strong></span> <span class='ocrx_word' id='word_1_279' title='bbox 1134 3546 1281 3606; x_wconf 93' lang='lat' dir='ltr'>Nimirum</span> <span class='ocrx_word' id='word_1_280' title='bbox 1297 3565 1357 3606; x_wconf 91' lang='lat' dir='ltr'>non</span> <span class='ocrx_word' id='word_1_281' title='bbox 1373 3547 1445 3607; x_wconf 90' lang='lat' dir='ltr'>den·</span> 
     </span>
     <span class='ocr_line' id='line_1_33' title="bbox 296 3646 1446 3728; baseline 0 -20"><span class='ocrx_word' id='word_1_282' title='bbox 296 3651 357 3708; x_wconf 86' lang='lat' dir='ltr'>sior</span> <span class='ocrx_word' id='word_1_283' title='bbox 379 3647 475 3707; x_wconf 89' lang='lat' dir='ltr'>imber</span> <span class='ocrx_word' id='word_1_284' title='bbox 498 3646 616 3708; x_wconf 90' lang='lat' dir='ltr'>turbine</span> <span class='ocrx_word' id='word_1_285' title='bbox 640 3649 805 3708; x_wconf 91' lang='lat' dir='ltr'>concitatus</span> <span class='ocrx_word' id='word_1_286' title='bbox 827 3667 916 3708; x_wconf 87' lang='lat' dir='ltr'>ruere</span> <span class='ocrx_word' id='word_1_287' title='bbox 939 3655 969 3708; x_wconf 91' lang='grc'>31</span> <span class='ocrx_word' id='word_1_288' title='bbox 990 3655 1126 3711; x_wconf 91' lang='lat' dir='ltr'>sternere</span> <span class='ocrx_word' id='word_1_289' title='bbox 1148 3655 1209 3708; x_wconf 90' lang='lat' dir='ltr'>sata</span> <span class='ocrx_word' id='word_1_290' title='bbox 1225 3647 1342 3717; x_wconf 89' lang='lat' dir='ltr'>dicitur,</span> <span class='ocrx_word' id='word_1_291' title='bbox 1359 3667 1446 3728; x_wconf 90' lang='lat' dir='ltr'>quam</span> 
     </span>
     <span class='ocr_line' id='line_1_34' title="bbox 296 3747 1197 3829; baseline 0 -19"><span class='ocrx_word' id='word_1_292' title='bbox 296 3757 385 3810; x_wconf 91' lang='lat' dir='ltr'>ruunt</span> <span class='ocrx_word' id='word_1_293' title='bbox 408 3756 605 3828; x_wconf 90' lang='lat' dir='ltr'>sternuntque</span> <span class='ocrx_word' id='word_1_294' title='bbox 628 3757 730 3828; x_wconf 92' lang='lat' dir='ltr'>pestes</span> <span class='ocrx_word' id='word_1_295' title='bbox 753 3750 884 3829; x_wconf 88' lang='lat' dir='ltr'>pecudes</span> <span class='ocrx_word' id='word_1_296' title='bbox 907 3749 978 3810; x_wconf 89' lang='lat' dir='ltr'>alias</span> <span class='ocrx_word' id='word_1_297' title='bbox 1001 3768 1092 3829; x_wconf 93' lang='lat' dir='ltr'>super</span> <span class='ocrx_word' id='word_1_298' title='bbox 1115 3747 1197 3810; x_wconf 89' lang='grc'><strong>31133.</strong></span> 
     </span>
    </p>

    <p class='ocr_par' dir='ltr' id='par_1_9' title="bbox 295 3847 1447 4546">
     <span class='ocr_line' id='line_1_35' title="bbox 380 3847 1444 3931; baseline 0 -21"><span class='ocrx_word' id='word_1_299' title='bbox 380 3851 452 3911; x_wconf 92' lang='lat' dir='ltr'>Loci</span> <span class='ocrx_word' id='word_1_300' title='bbox 480 3850 519 3910; x_wconf 98' lang='lat' dir='ltr'>lll</span> <span class='ocrx_word' id='word_1_301' title='bbox 550 3847 609 3911; x_wconf 80' lang='grc'>148</span> <span class='ocrx_word' id='word_1_302' title='bbox 643 3851 736 3922; x_wconf 85' lang='lat' dir='ltr'>tides,</span> <span class='ocrx_word' id='word_1_303' title='bbox 778 3871 865 3931; x_wconf 90' lang='lat' dir='ltr'>quam</span> <span class='ocrx_word' id='word_1_304' title='bbox 902 3850 953 3912; x_wconf 90' lang='lat' dir='ltr'>ille</span> <span class='ocrx_word' id='word_1_305' title='bbox 986 3851 1153 3931; x_wconf 92' lang='lat' dir='ltr'>repudiavit</span> <span class='ocrx_word' id='word_1_306' title='bbox 1188 3870 1218 3930; x_wconf 87' lang='lat' dir='ltr'>p.</span> <span class='ocrx_word' id='word_1_307' title='bbox 1261 3847 1335 3912; x_wconf 85' lang='grc'><strong>243.</strong></span> <span class='ocrx_word' id='word_1_308' title='bbox 1371 3847 1444 3920; x_wconf 85' lang='grc'><strong>381,</strong></span> 
     </span>
     <span class='ocr_line' id='line_1_36' title="bbox 296 3951 1445 4031; baseline -0.002 -17"><span class='ocrx_word' id='word_1_309' title='bbox 296 3953 368 4014; x_wconf 90' lang='lat' dir='ltr'>mibi</span> <span class='ocrx_word' id='word_1_310' title='bbox 399 3953 515 4014; x_wconf 90' lang='lat' dir='ltr'>videtur</span> <span class='ocrx_word' id='word_1_311' title='bbox 545 3951 721 4031; x_wconf 78' lang='lat' dir='ltr'>Plrilargyrii</span> <span class='ocrx_word' id='word_1_312' title='bbox 758 3954 949 4014; x_wconf 86' lang='lat' dir='ltr'>adnotatione</span> <span class='ocrx_word' id='word_1_313' title='bbox 985 3955 1056 4016; x_wconf 90' lang='lat' dir='ltr'>satis</span> <span class='ocrx_word' id='word_1_314' title='bbox 1093 3953 1229 4024; x_wconf 88' lang='lat' dir='ltr'>delendi,</span> <span class='ocrx_word' id='word_1_315' title='bbox 1268 3959 1445 4031; x_wconf 89' lang='lat' dir='ltr'>quamquam</span> 
     </span>
     <span class='ocr_line' id='line_1_37' title="bbox 295 4053 1445 4116; baseline -0.001 -2"><span class='ocrx_word' id='word_1_316' title='bbox 295 4054 369 4115; x_wconf 94' lang='lat' dir='ltr'>illud</span> <span class='ocrx_word' id='word_1_317' title='bbox 393 4057 530 4114; x_wconf 73' lang='lat' dir='ltr'>‘vertere</span> <span class='ocrx_word' id='word_1_318' title='bbox 552 4059 709 4115; x_wconf 90' lang='lat' dir='ltr'>vocantes&#39;</span> <span class='ocrx_word' id='word_1_319' title='bbox 742 4055 860 4116; x_wconf 80' lang='lat' dir='ltr'>difficile</span> <span class='ocrx_word' id='word_1_320' title='bbox 884 4074 950 4115; x_wconf 90' lang='lat' dir='ltr'>esse</span> <span class='ocrx_word' id='word_1_321' title='bbox 974 4064 1002 4115; x_wconf 89' lang='grc'>31</span> <span class='ocrx_word' id='word_1_322' title='bbox 1026 4061 1119 4114; x_wconf 90' lang='lat' dir='ltr'>totum</span> <span class='ocrx_word' id='word_1_323' title='bbox 1146 4073 1263 4115; x_wconf 88' lang='lat' dir='ltr'>versum</span> <span class='ocrx_word' id='word_1_324' title='bbox 1287 4053 1371 4115; x_wconf 88' lang='lat' dir='ltr'>lacile</span> <span class='ocrx_word' id='word_1_325' title='bbox 1394 4053 1445 4114; x_wconf 90' lang='lat' dir='ltr'>de·</span> 
     </span>
     <span class='ocr_line' id='line_1_38' title="bbox 296 4155 1446 4234; baseline 0 -18"><span class='ocrx_word' id='word_1_326' title='bbox 296 4155 423 4218; x_wconf 79' lang='grc'><strong>31133331</strong></span> <span class='ocrx_word' id='word_1_327' title='bbox 447 4156 593 4217; x_wconf 89' lang='lat' dir='ltr'>concedo.</span> <span class='ocrx_word' id='word_1_328' title='bbox 638 4157 700 4217; x_wconf 90' lang='lat' dir='ltr'>Nisi</span> <span class='ocrx_word' id='word_1_329' title='bbox 724 4157 800 4217; x_wconf 89' lang='lat' dir='ltr'>lorte</span> <span class='ocrx_word' id='word_1_330' title='bbox 816 4159 949 4234; x_wconf 90' lang='lat' dir='ltr'>ignotum</span> <span class='ocrx_word' id='word_1_331' title='bbox 967 4158 1059 4216; x_wconf 90' lang='lat' dir='ltr'>luisse</span> <span class='ocrx_word' id='word_1_332' title='bbox 1075 4156 1287 4218; x_wconf 91' lang='lat' dir='ltr'>animalculum</span> <span class='ocrx_word' id='word_1_333' title='bbox 1302 4159 1332 4216; x_wconf 93' lang='lat' dir='ltr'>iu</span> <span class='ocrx_word' id='word_1_334' title='bbox 1348 4158 1446 4233; x_wconf 87' lang='lat' dir='ltr'>regio·</span> 
     </span>
     <span class='ocr_line' id='line_1_39' title="bbox 296 4257 1446 4338; baseline -0.002 -20"><span class='ocrx_word' id='word_1_335' title='bbox 296 4258 385 4319; x_wconf 92' lang='lat' dir='ltr'>nibus</span> <span class='ocrx_word' id='word_1_336' title='bbox 409 4258 531 4319; x_wconf 87' lang='lat' dir='ltr'>Graecis</span> <span class='ocrx_word' id='word_1_337' title='bbox 553 4259 667 4338; x_wconf 89' lang='lat' dir='ltr'>putavit</span> <span class='ocrx_word' id='word_1_338' title='bbox 681 4258 836 4336; x_wconf 72' lang='lat' dir='ltr'>Vergilius</span> <span class='ocrx_word' id='word_1_339' title='bbox 860 4260 958 4337; x_wconf 90' lang='lat' dir='ltr'>itaque</span> <span class='ocrx_word' id='word_1_340' title='bbox 981 4277 1014 4318; x_wconf 91' lang='lat' dir='ltr'>re</span> <span class='ocrx_word' id='word_1_341' title='bbox 1036 4276 1106 4318; x_wconf 85' lang='lat' dir='ltr'>vera</span> <span class='ocrx_word' id='word_1_342' title='bbox 1129 4257 1248 4319; x_wconf 89' lang='lat' dir='ltr'>aliunde</span> <span class='ocrx_word' id='word_1_343' title='bbox 1269 4257 1393 4318; x_wconf 89' lang='lat' dir='ltr'>inlatum</span> <span class='ocrx_word' id='word_1_344' title='bbox 1416 4259 1446 4316; x_wconf 94' lang='grc'>13</span> 
     </span>
     <span class='ocr_line' id='line_1_40' title="bbox 297 4359 1447 4440; baseline -0.003 -19"><span class='ocrx_word' id='word_1_345' title='bbox 297 4364 430 4422; x_wconf 88' lang='lat' dir='ltr'>notitiam</span> <span class='ocrx_word' id='word_1_346' title='bbox 455 4361 646 4440; x_wconf 88' lang='lat' dir='ltr'>linguamque</span> <span class='ocrx_word' id='word_1_347' title='bbox 670 4380 784 4424; x_wconf 89' lang='lat' dir='ltr'>eorum.</span> <span class='ocrx_word' id='word_1_348' title='bbox 837 4361 909 4421; x_wconf 89' lang='lat' dir='ltr'>ltem</span> <span class='ocrx_word' id='word_1_349' title='bbox 933 4361 1111 4421; x_wconf 88' lang='lat' dir='ltr'>testimoniis</span> <span class='ocrx_word' id='word_1_350' title='bbox 1138 4378 1198 4420; x_wconf 93' lang='lat' dir='ltr'>non</span> <span class='ocrx_word' id='word_1_351' title='bbox 1222 4359 1447 4420; x_wconf 81' lang='lat' dir='ltr'>coratexnnendis</span> 
     </span>
     <span class='ocr_line' id='line_1_41' title="bbox 298 4459 1445 4546; baseline -0.003 -21"><span class='ocrx_word' id='word_1_352' title='bbox 298 4465 428 4546; x_wconf 85' lang='lat' dir='ltr'>scriptos</span> <span class='ocrx_word' id='word_1_353' title='bbox 451 4481 519 4524; x_wconf 89' lang='grc'><strong>3333</strong></span> <span class='ocrx_word' id='word_1_354' title='bbox 542 4483 558 4524; x_wconf 92' lang='grc'>3</span> <span class='ocrx_word' id='word_1_355' title='bbox 581 4471 667 4543; x_wconf 91' lang='lat' dir='ltr'>poeta</span> <span class='ocrx_word' id='word_1_356' title='bbox 696 4463 840 4544; x_wconf 84' lang='lat' dir='ltr'>probatur</span> <span class='ocrx_word' id='word_1_357' title='bbox 865 4459 1093 4524; x_wconf 79' lang='grc'><strong>111282-285</strong></span> <span class='ocrx_word' id='word_1_358' title='bbox 1116 4481 1234 4532; x_wconf 88' lang='lat' dir='ltr'>versus,</span> <span class='ocrx_word' id='word_1_359' title='bbox 1265 4481 1340 4542; x_wconf 82' lang='lat' dir='ltr'>qrtos</span> <span class='ocrx_word' id='word_1_360' title='bbox 1364 4479 1445 4534; x_wconf 84' lang='lat' dir='ltr'>num,</span> 
     </span>
    </p>
   </div>
   <div class='ocr_carea' id='block_1_6' title="bbox 0 0 1612 5042">
    <p class='ocr_par' dir='ltr' id='par_1_10' title="bbox 0 0 1612 5042">
     <span class='ocr_line' id='line_1_42' title="bbox 0 0 1612 5042; baseline 0 0"><span class='ocrx_word' id='word_1_361' title='bbox 0 0 1612 5042; x_wconf 95' lang='lat' dir='ltr'> </span> 
     </span>
    </p>
   </div>
  </div>
 </body>
</html>
