3230 5046
599 430 844 473 rnonceonmm.
1228 408 1291 472 226

267 596 338 656 hen.
362 595 402 658 ΙΙΙ
423 592 486 657 696
515 597 720 676 ‘Apronianus
747 596 818 674 legit
845 599 949 658 aalide
976 601 1077 659 securi
1102 602 1292 672 congeminat

515 702 641 760 vulnus’
666 697 728 778 (sed
751 700 786 758 M
807 697 896 758 habet
917 701 1084 760 calidam
1113 707 1142 760 et
1163 704 1291 762 securim

457 820 458 824 ¹
516 807 545 860 et
567 799 633 860 dist.
657 807 725 880 post
748 799 990 880 ‘congeminat’l

235 969 395 1030 Praeterea
424 976 572 1030 structura
600 987 726 1048 prorsus
757 967 938 1031 intolerabili
960 967 1040 1030 Xl3
1069 971 1291 1050 ‘Apronianus'

142 1069 252 1148 legisse
275 1071 370 1130 lertnr
391 1087 473 1131 mens
495 1073 620 1132 turbela
647 1071 984 1148 praecipitassem,
1014 1070 1064 1132 ubi
1087 1090 1157 1132 saue
1175 1072 1292 1145 funcra

143 1174 175 1232 in
192 1174 228 1231 M
243 1188 370 1252 quoque,
394 1171 445 1231 sed
462 1173 493 1232 in
510 1171 614 1232 eodem
636 1175 844 1248 praecipitent
859 1179 946 1234 extat.
971 1173 1106 1251 Denique
1123 1174 1292 1234 coniectura

144 1275 277 1352 quamvis
315 1273 475 1333 deterrima
511 1275 542 1334 in
580 1272 701 1334 scholiis
729 1275 795 1334 istis
835 1275 922 1334 etiam
951 1273 1004 1334 ecl.
1035 1274 1074 1334 ΙΙΙ
1098 1270 1136 1334 18
1163 1275 1293 1336 Laccssc

144 1377 227 1453 quasi
250 1376 395 1436 Lacaena
415 1376 612 1455 propositum,
637 1374 687 1436 ubi
710 1376 928 1452 LycisceM
947 1373 1045 1436 habet.

229 1526 287 1587 Sed
320 1526 410 1596 haec,
447 1526 521 1604 'quae
555 1525 674 1604 collegit
704 1527 883 1605 Suringarus
914 1527 981 1588 hist.
1018 1527 1121 1588 scholi.
1158 1528 1233 1589 Latt.
1264 1529 1288 1588 ll

149 1625 210 1688 152
233 1647 316 1707 sqq.,
345 1646 416 1688 num
446 1646 479 1688 re
506 1647 576 1689 vera
604 1630 635 1688 in
658 1628 790 1688 Mediceo
818 1627 896 1690 libro
924 1629 1062 1690 adnotata
1091 1629 1135 1690 vel
1165 1631 1226 1691 sint.
1247 1630 1292 1689 vel

149 1729 274 1798 luerint,
306 1727 456 1790 docebunt
484 1730 565 1808 ipsae
594 1729 784 1790 membranae
814 1731 837 1789 si
865 1731 912 1790 cui
941 1732 1087 1809 inspicere
1116 1749 1291 1791 concessum

147 1829 246 1890 luerit.
292 1829 390 1890 Unum
414 1830 449 1890 ad
473 1829 526 1890 ecl.
544 1830 569 1890 X
585 1827 628 1894 66,
650 1830 783 1891 scholion
805 1849 908 1891 revera
931 1831 961 1891 in
986 1851 1021 1892 eo
1045 1839 1145 1892 extare
1167 1839 1292 1892 testatur

148 1933 301 2010 specimen
324 1932 448 2010 paginae
471 1930 507 1992 ab
530 1929 651 1992 Heinsio
674 1949 858 2012 expressum.
1380 1917 1383 1928 ¹

230 2080 260 2163 4)
285 2083 385 2144 Codex
408 2085 568 2145 Palatinus
595 2049 793 2146 bibliothecae
817 2053 985 2147 Vaticanae'
1003 2104 1126 2147 numero
1157 2089 1292 2165 signatus

154 2181 235 2245 1631
261 2187 317 2260 (P)
347 2203 381 2244 ex
410 2183 588 2249 bibliotheca
611 2185 743 2247 Palatina
765 2185 961 2264 Heidelberga
984 2187 1108 2248 Romam
1135 2187 1293 2249 translatus
1341 2245 1344 2252 .

148 2305 165 2345 a
188 2271 287 2346 Leone
310 2285 430 2356 Allobo,
465 2287 560 2348 lorma
589 2287 752 2364 quadratas
782 2287 890 2348 litteris
919 2287 1054 2366 oblongis
1082 2291 1175 2368 magis
1204 2309 1291 2369 quam

145 2387 313 2466 quadratis,
345 2405 471 2466 quarum
493 2389 644 2468 specimen
668 2389 816 2450 Bottarius
843 2391 936 2468 prael.
960 2388 980 2451 3
1004 2397 1033 2450 et
1055 2391 1239 2451 Benedictini
1261 2393 1292 2450 in

147 2496 233 2550 tract.
257 2488 390 2567 diph'lll
415 2507 442 2566 p.
467 2485 507 2550 63
530 2489 589 2550 tab.
606 2489 709 2550 XXXV
732 2489 887 2564 dederunt,
913 2491 1129 2570 elegantissime
1153 2494 1290 2570 scriptus,

144 2590 198 2650 sed
222 2590 353 2669 corrosis
376 2575 541 2676 partimad
558 2593 723 2670 marginem
746 2593 874 2652 maxime
895 2591 982 2652 loliis.
1013 2594 1171 2654 Perierunt
1193 2601 1292 2654 autem

146 2690 216 2752 lolia
239 2691 370 2760 XXXllI,
393 2693 424 2752 in
447 2691 555 2770 quibus
578 2691 651 2752 hoec
667 2695 805 2778 inerant:
831 2693 884 2754 ecl.
908 2692 1107 2756 ΙΙΙ.71-ΙΙΙΙ
1129 2692 1179 2765 52,
1209 2715 1255 2774 ge.
1280 2696 1292 2755 Ι

144 2788 278 2853 322-ΙΙ
304 2789 375 2863 139,
414 2792 466 2853 llll
488 2789 707 2854 ‘llil—mend
736 2791 807 2862 277,
845 2794 899 2855 llll
931 2792 1111 2865 116-162,
1149 2797 1200 2858 Vll
1230 2793 1292 2858 277

145 2890 277 2962 -645,
310 2890 545 2962 xxm-509,
579 2894 618 2954 XI
647 2891 824 2956 646-692.
850 2892 1034 2964 737-783,
1068 2896 1122 2956 ΧΙΙ
1154 2893 1309 2972 47-93,

144 2995 240 3054 Unam
266 2995 403 3073 paginam
425 2997 496 3056 hen.
521 2995 548 3054 X
569 2992 737 3057 509-531
761 2996 856 3056 aliena
879 3015 985 3058 manus
1007 2999 1136 3074 scripsit.
1182 2997 1292 3058 Versus

145 3095 281 3172 singulae
305 3097 429 3175 paginae
453 3098 607 3156 continent
621 3096 723 3164 XXIll,
749 3104 846 3156 tamen
869 3099 954 3157 utin
976 3097 1045 3159 libri
1068 3100 1211 3178 cuiusque
1234 3099 1292 3158 fine

143 3196 221 3276 quod
246 3195 291 3256 vel
313 3199 444 3275 paginae
468 3197 513 3257 vel
535 3196 599 3257 lolii
614 3205 753 3277 superest
766 3216 889 3261 vacuum
906 3200 944 3258 sii
957 3198 1104 3259 relictum.
1135 3200 1293 3260 Praeterea

143 3306 211 3378 post
225 3297 297 3358 Aen.
315 3298 328 3358 Ι
344 3295 407 3359 690
422 3301 524 3360 nescio
541 3317 599 3378 qua
623 3317 711 3360 causa
726 3301 778 3360 uni
793 3301 894 3360 versui
908 3302 1034 3378 spatium
1050 3301 1107 3360 ima
1124 3301 1229 3378 pagina
1244 3319 1291 3360 re·

15 3435 20 3442 -
143 3399 247 3459 lictum
261 3407 314 3459 est.
332 3399 472 3460 Distineta
484 3399 572 3461 verba
583 3407 611 3460 et
623 3402 788 3462 sentcntiae
800 3419 889 3462 manu
901 3389 997 3480 prima
1010 3403 1130 3461 omnino
1141 3421 1200 3461 non
1210 3410 1290 3462 sunt:

146 3502 298 3580 posterior
320 3501 384 3561 lere
408 3509 579 3562 constanter
595 3503 704 3562 exitum
721 3497 869 3572 versuum,
893 3502 988 3562 multo
1011 3504 1107 3563 rarius
1131 3504 1293 3566 sententias

147 3603 424 3680 sententiarumque
448 3603 512 3662 cola
534 3605 654 3664 notavit.
685 3605 843 3666 Correctus
866 3604 957 3664 codex
981 3603 1069 3664 modo
1086 3604 1189 3664 eadem
1204 3623 1293 3664 manu

144 3704 187 3782 (ut
203 3703 258 3763 ecl.
275 3702 330 3763 ΙΙΙΙ
346 3699 397 3781 60)
421 3704 511 3764 modo
528 3703 632 3773 aliene,
657 3705 709 3766 sed
732 3707 795 3785 ipsa
818 3723 937 3784 quoque
952 3704 1036 3765 valde
1052 3707 1181 3784 antiqua,
1205 3705 1293 3766 modo

143 3791 272 3885 denique
295 3803 446 3884 aliquanto
468 3807 646 3875 recentiore,
678 3826 745 3868 raro
769 3806 869 3868 colore
893 3807 1030 3868 caeruleo
1054 3807 1140 3894 (hen.
1159 3805 1290 3888 v1336)

144 3905 276 3966 adhibito
300 3906 344 3966 vel
368 3906 444 3966 adeo
472 3906 647 3967 minusculis
676 3909 712 3987 (e.
736 3925 763 3985 g.
795 3907 849 3967 ecl.
873 3905 928 3967 14
954 3925 1001 3985 ge.
1024 3905 1110 3969 140.
1132 3905 1204 3968 213.
1228 3905 1292 3970 314
1372 3899 1373 3902 “

143 4009 215 4067 Aen.
239 4004 359 4069 11527.
383 4004 454 4070 537.
479 4004 554 4083 631)
584 4007 690 4068 litteris
719 4008 925 4088 suprapositis.

228 4159 271 4220 Ad
301 4159 389 4221 huius
418 4159 536 4230 codicis,
572 4162 623 4240 qui
657 4160 694 4221 ad
728 4179 813 4221 saec.
835 4159 888 4221 llll
921 4160 968 4220 vel
990 4163 1013 4221 V
1037 4161 1122 4239 vulgo
1147 4162 1286 4230 retertur,

144 4260 242 4330 iidem,
267 4261 319 4322 sed
341 4281 447 4341 parum
463 4268 600 4323 accurate
616 4280 775 4342 expressae
799 4269 868 4322 sunt
883 4262 1027 4322 editiones
1040 4262 1291 4324 commelinianae

145 4382 171 4423 a.
205 4359 296 4424 1589.
329 4360 420 4424 1599.
453 4360 544 4424 1603.
606 4363 691 4424 Nulla
724 4363 798 4424 tides
829 4363 965 4449 habenda
998 4363 1167 4442 Ambroglo.
1227 4365 1300 4443 Ipse¹

144 4465 261 4544 primus
284 4464 417 4524 codicem
441 4465 551 4526 Rornae
575 4467 711 4534 excussi.

198 4579 333 4624 dieseon,
358 4581 530 4617 raouueom..
613 4589 615 4594 ·
1052 4563 1091 4626 15
