3276 5050
637 408 886 452 enonaconnnn.
1274 385 1335 450 125
1441 409 1443 412 ·

185 563 407 654 ψυχοπομπὸς
428 577 541 655 positus
563 577 618 647 sit,
648 578 713 637 vide
737 595 773 638 an
796 576 833 638 ad
855 578 949 656 ipsam
973 574 1133 655 Phrynichi
1161 575 1262 655 potius
1284 575 1333 636 Al-

186 677 280 736 cestin
303 685 449 756 spectent.
497 679 549 758 (ct.
567 679 673 741 Mureti
696 699 721 739 v.
746 679 825 740 lectt.
850 678 904 738 llll
928 675 987 756 16.)

270 778 328 838 Sed
345 781 494 841 Cornutus
516 789 620 842 noster
642 781 721 861 quod
736 781 941 860 brevissimam
963 780 1046 841 aurei
1063 780 1138 840 rami
1152 781 1333 839 mentionem

187 881 218 940 in
240 879 290 940 illa
312 881 503 944 adnotatione
525 885 609 954 lecit,
640 882 788 963 putandus
817 881 865 944 est‘
888 881 946 942 alio
969 880 1033 942 loco
1057 880 1094 941 de
1116 881 1173 942 hoe
1195 881 1335 960 figmento

184 981 269 1060 plura
285 983 471 1055 disseruisse,
494 993 527 1046 ut
542 1005 578 1046 ex
594 986 682 1047 huius
698 986 824 1047 sortasse
839 985 1061 1046 commentariis
1077 984 1199 1044 crimina
1216 991 1333 1062 sumpta

186 1085 255 1153 sint,
280 1105 356 1164 quae
380 1089 473 1164 tangit
495 1088 616 1149 Servius
639 1089 674 1148 ad
697 1079 770 1149 den.
793 1084 910 1148 11146:
935 1091 1024 1146 ‘sane
1047 1093 1167 1165 putatur
1189 1103 1249 1146 non
1272 1085 1334 1144 veri

185 1187 282 1246 simile
305 1188 410 1250 iaculis
433 1191 576 1250 coniectis
598 1209 726 1269 puerum
755 1191 885 1250 occisum
911 1236 917 1249 .
943 1235 950 1249 .
976 1235 981 1248 .
1008 1233 1015 1248 .
1038 1186 1232 1267 vituperabile
1255 1188 1333 1247 enim

185 1299 229 1348 est
251 1298 370 1368 poetam
393 1291 503 1371 aliquid
525 1293 650 1370 fingere,
674 1292 753 1372 quod
776 1293 895 1372 penitus
918 1311 934 1354 a
957 1292 1079 1351 veritate
1102 1289 1242 1350 discedat.
1283 1289 1333 1348 de·

187 1392 277 1468 nique
300 1391 426 1454 obicitur
442 1393 564 1472 Virgilio
587 1394 624 1455 de
646 1396 811 1455 mutatione
832 1395 948 1454 navium
972 1394 1002 1454 in
1024 1390 1178 1472 nymphas,
1204 1399 1233 1450 et
1254 1389 1332 1468 quod

102 1499 106 1516 '
187 1491 258 1552 dicit
280 1512 334 1573 per
357 1513 481 1556 aureum
503 1515 617 1558 ramum
641 1496 677 1556 ad
700 1497 813 1558 inleros
830 1515 896 1557 esse
912 1495 1102 1563 descensum;
1128 1495 1257 1562 tertium,
1282 1512 1337 1554 cur

186 1594 242 1654 lris
264 1595 373 1657 Didoni
397 1615 513 1658 comam
537 1600 673 1660 secuerit.
726 1600 778 1659 sed
807 1599 865 1659 hoc
892 1606 1036 1678 purgatur
1059 1591 1211 1676 Euripidis
1234 1614 1334 1656 exem-

185 1695 245 1775 plo,
270 1700 321 1777 qui
344 1699 380 1760 de
403 1699 551 1762 Alcestide
574 1701 631 1762 hoo
654 1700 742 1771 dixit,
766 1720 834 1762 cum
857 1701 972 1762 subiret
988 1700 1085 1760 latum
1109 1699 1234 1759 mariti'
1281 1697 1334 1772 (Cl.

186 1798 265 1860 idem
289 1800 326 1860 ad
349 1801 387 1862 Vl
411 1799 532 1862 13le
556 1799 605 1864 79.
629 1799 690 1882 82.)
727 1803 829 1880 ltaque
851 1805 950 1864 minus
974 1803 1035 1862 veri
1058 1801 1165 1862 similia
1189 1818 1264 1878 qnae
1280 1801 1334 1860 tin-

186 1902 265 1961 xisse
286 1903 437 1964 videretur
459 1903 605 1982 Vergilius
629 1904 783 1982 collegisse
813 1912 843 1964 et
865 1905 1078 1966 examinavisse
1100 1903 1240 1982 suspicor
1262 1903 1333 1963 Cor-

187 2010 302 2074 nutum,
326 2013 359 2064 ut
379 2025 434 2085 par
457 2013 522 2067 erat
544 2007 670 2067 stoicum
692 2008 723 2066 in
746 2002 903 2090 ἱστορικῷ
924 2008 1045 2074 versari,
1070 2005 1147 2083 quod
1171 2005 1334 2066 secundum

188 2103 313 2166 Cratetis
336 2106 521 2187 disciplinam
544 2109 623 2168 inter
647 2109 705 2168 tria
727 2109 824 2170 critici
846 2127 969 2169 munera
996 2109 1127 2187 primum
1156 2114 1229 2168 erat.
1281 2107 1333 2185 (Cl.

187 2206 267 2266 Sext.
288 2207 372 2288 Emp.
396 2209 459 2270 adv.
491 2209 582 2271 math.
612 2210 625 2270 l
653 2206 716 2271 252
742 2227 786 2288 sq.
825 2209 1020 2271 Wacbsmuth
1050 2208 1087 2269 de
1118 2208 1235 2270 Cratete
1261 2207 1333 2271 Mat,
1365 2271 1371 2294 .

132 2375 135 2380 ,
187 2307 245 2368 lota
271 2307 330 2390 10.)
623 2317 625 2322 '

272 2411 327 2484 Qui
350 2415 470 2474 omnino
493 2414 680 2494 vituperandi
703 2421 732 2475 et
755 2414 908 2476 cavillandi
937 2420 1055 2514 poetam
1083 2415 1154 2476 satis
1185 2411 1333 2474 studiosus

97 2509 99 2516 ’
187 2520 258 2574 erat.
303 2505 440 2587 Abiecta,
465 2517 600 2588 sordida,
624 2517 767 2579 indecora
790 2537 858 2579 eum
881 2517 1066 2596 congessisse
1090 2523 1119 2576 et
1148 2515 1334 2576 ambitiosius

186 2631 273 2692 quam
296 2617 472 2696 prudentius
494 2619 672 2682 diiudicasse
694 2622 766 2682 satis
788 2619 881 2682 multa
905 2620 1013 2680 docent
1041 2617 1191 2698 exempla:
1220 2619 1333 2697 vitupe-

184 2719 260 2778 ravit
294 2737 329 2779 eo
358 2723 479 2781 nomine
507 2739 632 2784 vexasse
660 2722 714 2784 ecl.
740 2719 855 2792 V176,
885 2723 1036 2783 inlaudati
1061 2738 1107 2798 ge.
1131 2716 1228 2790 1115,
1257 2737 1334 2782 auro

186 2823 372 2897 squalentem
393 2825 467 2884 Aen.
489 2823 515 2884 X
536 2820 614 2894 314,
647 2843 723 2905 qnae
745 2824 877 2886 Probum
890 2823 1068 2886 -delendisse
1091 2821 1254 2882 videbimus
1284 2821 1331 2899 (cl.

184 2922 259 2984 Gell.
283 2923 310 2984 ll
333 2921 353 2984 6
376 2932 406 2984 et
429 2925 548 2986 Servius
571 2924 608 2986 ad
629 2925 711 2988 locos
734 2924 795 3005 ll.);
819 2927 994 2988 indecenter
1018 2924 1195 2994 columbam,
1219 2943 1332 2985 sacram

184 3013 272 3087 matri
293 3045 364 3087 suae
379 3045 472 3098 avem,
487 3027 607 3089 Aenean
623 3030 737 3107 sagittis
752 3028 898 3107 figendam
914 3029 1096 3089 constituere
1112 3027 1205 3088 sensit
1228 3025 1331 3106 (schol.

184 3127 291 3188 Veron.
323 3131 395 3190 Aen.
427 3125 534 3190 v488
568 3129 635 3190 coll.
665 3131 768 3191 Servio
801 3130 838 3190 ad
866 3150 894 3190 v.
929 3127 1002 3209 517)
1041 3129 1165 3189 Homeri
1196 3127 1332 3206 exemplo

185 3227 335 3306 neglecto;
366 3232 511 3309 quaesivit
532 3250 603 3292 num
630 3232 772 3294 indecore
794 3230 1029 3292 Achaemenides
1062 3234 1180 3290 ‘comes
1202 3227 1329 3288 infelicis
1433 3277 1436 3284 l

186 3329 279 3391 Vlixi'
312 3331 349 3394 ab
376 3332 461 3394 hoste
483 3334 581 3395 Aenea
610 3333 726 3395 dicatur
749 3334 852 3413 (sclrol.
875 3333 984 3394 Veron.
1007 3334 1079 3394 Aen.
1103 3325 1226 3392 111691
1262 3329 1328 3407 6611Ι

184 3427 287 3494 Servio
312 3434 348 3495 ad
370 3433 433 3496 613
450 3443 479 3496 et
494 3432 565 3506 691,
591 3438 640 3516 qui
656 3437 779 3499 Cornuti
799 3437 1037 3497 criminationem
1061 3441 1090 3495 et
1113 3433 1330 3495 excusationem

186 3535 276 3615 Aspri
299 3537 458 3617 conflavit).
510 3538 611 3618 ltaque
638 3547 721 3600 recte
742 3537 938 3600 lluhnkenius
966 3537 1044 3618 apud
1067 3537 1213 3597 lloenium
1236 3535 1330 3614 prael.

184 3639 221 3699 ad
246 3640 337 3718 Greg.
362 3640 429 3700 Cor.
452 3660 482 3720 p.
506 3640 572 3701 Vlll
593 3640 670 3720 apud
688 3640 823 3702 Servium
846 3640 882 3702 ad
896 3642 969 3702 Aen.
993 3640 1017 3700 X
1040 3635 1102 3701 547
1127 3639 1260 3698 ‘dixerat
1281 3636 1350 3716 itte·

184 3740 297 3822 aliquid
320 3746 480 3820 magnum’
504 3743 534 3801 in
557 3742 619 3803 bis:
650 3744 827 3804 ‘Corinthos
849 3751 882 3803 ut
904 3741 1056 3804 sordidum
1079 3739 1235 3821 inprobat'
1259 3741 1330 3800 Cor·

185 3848 253 3906 nati
274 3862 385 3905 nomen
408 3845 538 3906 restituit
559 3843 755 3924 probavitque
769 3844 872 3904 lahnio
887 3845 1019 3924 prolegg.
1037 3843 1073 3905 ad
1089 3843 1170 3904 Pers.
1187 3861 1216 3922 p.
1229 3840 1329 3912 XVlll,

187 3945 365 4008 unde'novo
390 3945 526 4026 exemplo
549 3945 691 4007 discimus
707 3947 888 4007 Graecorum
910 3953 1064 4007 auctorum
1086 3964 1142 4006 usu
1165 3963 1225 4006 non
1247 3943 1331 4004 valde

182 4047 274 4109 luisse
295 4047 444 4110 imbutum
467 4048 562 4109 videri
584 4051 827 4128 grammaticum,
857 4049 909 4126 qui
930 4045 1126 4127 proverbialis
1149 4047 1329 4108 Graecorum

182 4147 341 4212 locutionis
362 4139 407 4229 μὴ
430 4136 503 4230 μέγ’
531 4152 625 4232 εἴπῃς
647 4151 724 4230 apud
747 4150 884 4211 Servium
909 4149 1044 4211 laudatae
1068 4148 1114 4227 (de
1137 4167 1194 4228 qua
1218 4148 1256 4208 cl.
1272 4147 1328 4208 Lo·

81 4323 90 4342 .
182 4248 279 4312 beckii
302 4252 337 4312 ad
362 4251 456 4332 Soph.
479 4254 523 4314 Αἰ.
547 4249 610 4314 386
633 4253 743 4332 copias)
766 4253 858 4314 luerit
879 4253 1046 4312 immemor.

267 4354 407 4415 Ceterum
435 4371 496 4414 non
520 4363 643 4425 constat,
666 4354 740 4415 haec
761 4355 791 4414 in
814 4343 1035 4415 commentariis
1046 4351 1192 4415 Aeneidos
1215 4358 1327 4412 tantum

183 4453 299 4535 prolata
329 4473 405 4517 esse.
458 4455 552 4518 Etiam
581 4458 613 4517 in
641 4455 785 4518 librorum
815 4476 888 4536 quos
918 4459 955 4518 da
980 4457 1088 4532 fiparv‘s
1115 4457 1329 4516 sententiarum
