3230 5046
314 391 375 457 174
758 414 1001 460 rnonnconnun.

312 600 431 643 sensum
453 590 486 642 ut
508 583 708 661 profiteretur,
739 583 864 644 sortasse
888 582 1021 643 eiusdem
1044 580 1125 642 Illius
1149 580 1284 642 Caesellii
1308 583 1457 643 sententia

312 685 426 747 diversa
450 684 594 744 adductus
617 693 672 744 est.
717 684 753 744 Et
775 683 944 745 defenditur
966 683 1051 744 locus
1066 681 1201 761 culpatus
1216 681 1293 762 apud
1311 683 1456 754 Servium,

312 788 396 847 cuius
428 786 517 848 verba
544 789 608 865 Ipsa
640 787 719 846 ‘non
749 793 794 846 est
816 787 999 846 contrarium
1027 784 1070 843 illi
1098 783 1182 844 loco'
1214 802 1239 845 e.
1265 801 1292 862 q.
1317 803 1341 846 s,
1365 784 1456 846 Probi

310 888 420 948 iudIcio
443 889 577 967 opposita
600 895 684 949 sunt:
715 887 785 967 quid
810 904 880 965 ergo
904 888 929 947 si
953 885 1126 946 Caesellium
1149 887 1179 945 ln
1202 885 1381 948 lectionibus
1404 905 1455 948 an·

310 991 400 1069 tiquis
423 967 456 1049 et'
473 988 545 1049 illud
573 992 662 1064 repis,
694 988 772 1066 quod
803 989 851 1048 ‘in
875 986 1012 1048 omnihus
1034 987 1121 1048 honis
1150 987 1259 1048 dicitur
1285 989 1455 1048 inventum'

311 1097 341 1150 et
362 1097 468 1172 poetae
490 1089 707 1168 neglegentiam
731 1089 873 1151 adversus
895 1087 1026 1150 Probum
1056 1107 1090 1149 ea
1119 1090 1183 1150 iere
1213 1091 1328 1150 ratione
1351 1089 1456 1149 delen·

310 1193 390 1254 disse
412 1192 555 1262 dicamus,
579 1209 668 1270 quam
691 1191 767 1271 apud
784 1191 918 1251 ServIum
942 1191 1110 1251 etiamnunc
1132 1190 1279 1268 legimus?
1323 1189 1456 1251 Probum

310 1294 457 1374 Sulpicius
479 1297 510 1354 in
534 1313 569 1354 eo
593 1311 711 1374 quoque
735 1300 855 1354 secutus
879 1300 940 1362 est,
970 1292 1048 1369 quod
1078 1291 1187 1372 duplex
1216 1295 1229 1352 i
1253 1294 1285 1352 in
1314 1291 1456 1352 ‘subicit’

312 1397 367 1474 (ge.
393 1392 492 1476 1118)
520 1396 632 1457 ‘inice'
663 1397 743 1474 (hen.
773 1393 809 1454 VI
838 1389 910 1468 366)
945 1393 1115 1454 ‘obicibus’
1145 1393 1201 1472 (ge.
1224 1391 1344 1472 11480)
1374 1412 1456 1454 com-

309 1498 459 1558 mendavit
482 1496 604 1576 (Gellius
627 1497 679 1558 IIll
704 1494 763 1574 17),
788 1514 847 1556 nori
870 1504 970 1557 tamen
992 1503 1025 1556 ut
1046 1497 1208 1575 pervidisse
1229 1495 1365 1556 videatur
1387 1513 1455 1555 sen·

310 1601 448 1660 letitiam:
483 1601 578 1659 nostri
608 1599 685 1658 enim
709 1597 778 1658 lihri
808 1616 912 1658 omnes
939 1599 1089 1674 antiquam
1119 1599 1297 1676 scripturam
1325 1604 1453 1657 servant.
1486 1632 1491 1641 ι

310 1701 368 1761 Sed
392 1701 441 1760 hic
463 1717 581 1780 quoque
598 1699 733 1778 Caesellii
756 1683 955 1760 adversarium
979 1683 1071 1764 luisse
1089 1698 1252 1778 Sulpicium
1276 1717 1337 1767 non
1360 1700 1455 1777 suspi-

310 1803 434 1887 cabitur,
458 1803 510 1881 qui
532 1803 710 1872 meminerit,
734 1799 818 1862 illum
841 1819 960 1882 qnoque
982 1802 1013 1860 in
1036 1801 1245 1880 orthographia
1269 1819 1297 1879 p.
1322 1796 1405 1860 2317
1422 1800 1454 1860 Ρ.

310 1906 493 1984 praecipere,
518 1903 595 1983 quod
612 1903 728 1965 Probus
745 1903 896 1972 docuerat,
920 1903 1106 1982 ‘Pompeiius
1121 1903 1278 1982 Tarpeiius
1301 1903 1377 1962 eiius
1399 1919 1456 1980 per

309 2006 367 2067 duo
390 2007 411 2066 ii
433 2005 607 2066 scribenda'
632 2023 707 2066 esse.
1009 1997 1014 2008 ’
1441 2019 1443 2021 ·

394 2107 475 2166 Idem
492 2107 642 2187 Sulpicius
659 2105 811 2186 exemplar
826 2105 964 2168 Aeneidis
987 2108 1048 2166 sive
1071 2125 1085 2166 a
1109 2122 1141 2166 se
1163 2107 1228 2185 ipso
1251 2106 1313 2164 sive
1336 2103 1373 2165 ab
1397 2103 1454 2164 alio

309 2209 425 2286 aequali
448 2216 530 2269 certe
558 2211 744 2286 recognitum
774 2215 803 2267 et
831 2209 1044 2287 epigrammate
1073 2208 1201 2276 ornavit,
1232 2205 1310 2285 quod
1338 2206 1369 2265 in
1397 2207 1455 2264 vita

309 2309 475 2389 Vergiliana
498 2309 535 2370 de
564 2311 778 2371 commentario
801 2311 906 2370 Donati
933 2309 1048 2370 sublata
1078 2315 1224 2370 servatum
1241 2307 1298 2367 'est
1321 2306 1453 2386 (Sueten.

308 2411 373 2472 rell.
402 2431 431 2496 p.
456 2409 497 2473 63
520 2412 620 2472 Rern:
656 2413 692 2472 cl.
722 2411 793 2471 ibid.
824 2431 857 2490 p.
876 2407 933 2481 54,
957 2407 977 2470 2
1001 2427 1066 2487 sqq.
1097 2418 1125 2470 et
1153 2418 1278 2487 quaesit.
1308 2409 1471 2476 Suetonn„

307 2511 396 2590 399),
426 2520 455 2573 et
482 2515 513 2572 in
541 2513 673 2591 sIngulos
702 2513 794 2573 lihros
817 2513 998 2590 argumentis
1019 2511 1200 2571 hexastichIs
1229 2513 1272 2587 (in¹
1291 2510 1456 2572 Burmanni

309 2615 421 2676 anthol.
451 2612 576 2685 11194,
607 2615 685 2694 apud
708 2615 743 2675 H.
767 2615 916 2694 Meyerum
947 2631 976 2672 n.
999 2609 1076 2674 223:
1107 2615 1143 2673 cl.
1169 2613 1200 2673 L.
1224 2613 1348 2674 Mueller
1376 2633 1454 2676 ntus.

310 2717 402 2778 Rhen.
428 2717 495 2777 XIX
519 2713 590 2777 120.
616 2713 703 2796 122),
734 2724 766 2776 ut
794 2713 978 2793 singularum
1008 2715 1142 2776 Terentii
1169 2714 1339 2776 tabularum
1367 2733 1454 2793 argu-

308 2825 406 2878 menta
436 2818 517 2885 idem
545 2803 691 2878 duddenis
724 2819 851 2878 senariis
885 2817 1033 2878 enarravit
1067 2823 1097 2877 et
1129 2817 1286 2896 quindenis
1318 2817 1455 2878 versibus

307 2920 443 2981 Plautina
467 2937 586 3000 quoque
609 2927 783 2998 argumenta
813 2918 1076 2998 comprehendisse
1103 2917 1187 2978 valde
1214 2917 1410 2998 probabiliter
1438 2939 1454 2979 a

307 3022 470 3082 Ritsehelio
500 3021 633 3102 prolegg.
658 3021 742 3083 Trio.
766 3040 795 3100 p.
819 3021 980 3082 CCCXVIII
1009 3021 1155 3081 statuitur.
1206 3021 1285 3098 Ergo
1313 3023 1455 3101 princeps

309 3126 373 3184 lere
397 3142 499 3185 eorum
524 3123 687 3192 habendus,
718 3124 768 3203 qui
790 3128 892 3201 postea
916 3121 1150 3200 Vergilianorum
1174 3129 1344 3200 poematum
1367 3141 1454 3201 argu·

307 3233 406 3286 menta
441 3225 572 3286 hreviter
605 3224 785 3286 adumbrare
819 3225 906 3284 variis
940 3223 1055 3284 lusibus
1089 3231 1291 3284 certaverunt:
1332 3225 1369 3285 cl.
1401 3245 1453 3287 au.-

306 3328 379 3388 thol.
409 3328 471 3389 Lat.
501 3328 664 3388 Burmanni
686 3325 736 3386 lib.
762 3326 788 3388 ll
816 3322 982 3387 188-195
1006 3333 1034 3384 et
1055 3328 1085 3385 in
1109 3325 1175 3385 add.
1200 3326 1272 3384 tomi
1295 3325 1321 3386 ll
1337 3345 1365 3405 p.
1380 3324 1452 3389 726.

308 3431 400 3491 Notas
419 3431 542 3489 ‘criIIcas
565 3427 728 3507 exemplari
751 3447 806 3489 suo
822 3427 983 3507 Sulpicium
1007 3425 1163 3494 addidIsse,
1187 3445 1246 3506 quo
1268 3431 1453 3510 grammatici

305 3538 407 3610 postea
431 3533 477 3590 usi
508 3532 583 3599 sint,
618 3531 854 3590 Craelenhanius
883 3529 900 3588 l.
931 3529 950 3589 l.
976 3531 1115 3597 coniecit,
1150 3527 1202 3588 sed
1238 3546 1296 3588 non
1329 3529 1453 3590 demon-

305 3634 416 3693 stravit.

829 3868 852 3956 g
876 3867 924 3938 13.

390 4039 430 4106 lle
453 4047 579 4108 Helenr‘o
602 4048 735 4122 Acrone,
761 4045 895 4106 Terentii
919 4051 949 4103 et
970 4043 1084 4103 Horatii
1106 4051 1345 4106 commentatore
1368 4043 1453 4104 nobi·
1562 4042 1566 4049 '

304 4146 426 4216 lissimo,
450 4167 539 4227 quem
563 4157 697 4209 extremo
721 4149 783 4207 lere
799 4145 918 4207 saeculo
934 4163 962 4223 p.
980 4143 1048 4204 Chr.
1066 4145 1197 4204 secundo
1214 4147 1321 4205 vixisse
1334 4145 1452 4206 Sohott-

304 4248 469 4309 muellerus
505 4251 551 4329 (de
575 4251 605 4311 C.
629 4250 716 4310 Plinii
740 4247 869 4307 Secundi
905 4244 990 4305 libris
1024 4247 1223 4323 grammaticis
1253 4246 1314 4324 lp.
1336 4243 1389 4326 32)
1425 4256 1455 4307 et

305 4351 476 4411 llermanno
506 4352 639 4411 Usenero
669 4351 715 4429 (de
744 4348 865 4409 scholiis
894 4347 964 4407 Ilor.
994 4367 1023 4426 p.
1049 4348 1107 4428 Vll)
1137 4346 1264 4410 etrrnihi
1294 4350 1452 4426 persuasit,

306 4454 425 4513 unicum
450 4453 528 4530 quod
552 4453 587 4512 ad
612 4451 772 4528 Vergilium
795 4457 911 4528 spectet
932 4450 1134 4510 testImonium
1164 4467 1200 4508 ex
1224 4450 1327 4510 Servio
1350 4449 1453 4510 elicuit
