3172 5038
311 374 374 437 284
762 397 1002 438 rnonnoounmt.

398 631 555 692 Praeclare
572 631 759 714 emendatum
776 632 813 692 Vl
830 629 889 692 747
906 636 1025 693 aurci
1039 565 1141 709 (AVRAI
1157 634 1268 692 iactum
1285 650 1319 690 ex
1337 631 1457 710 AVRE),

309 754 364 814 pro
392 753 451 812 quo
480 731 632 810 vulgarem
661 734 787 793 formam
817 751 915 794 aurae
938 735 1028 793 MPB
1057 751 1093 793 ex
1121 733 1274 811 archetypi
1308 735 1459 812 scriptura

309 902 381 963 hacc
406 903 542 963 videntur
566 902 729 965 derivasse:
754 836 876 963 AVRAX.

394 1005 491 1065 Minus
514 1003 666 1084 probanda
688 1007 760 1065 Aen,
778 1005 815 1066 Vi
836 1000 900 1065 664
921 1012 1094 1065 correctura
1115 985 1277 1074 Atinios
1300 1023 1358 1083 qua
1381 1007 1458 1065 otios

310 1106 367 1184 legi
391 1105 525 1166 voluerat
548 1106 704 1176 diorthota,
728 1114 921 1166 servaverunt
943 1110 1096 1181 aliquos
1118 1107 1217 1166 MPB.

394 1207 524 1268 Schedas
558 1209 770 1268 vetustissimas
808 1207 966 1288 quasdam,
1008 1207 1088 1268 unde
1121 1209 1298 1285 FMPRybc
1335 1215 1456 1286 praeter

310 1317 428 1369 ceteros
450 1311 635 1370 recentiores
658 1311 804 1386 originem
832 1316 991 1386 ceperunt,
1027 1316 1150 1368 octonos
1183 1308 1307 1385 singulis
1340 1311 1456 1387 paginis

308 1430 412 1471 versus
435 1412 619 1471 continuisse
642 1410 711 1470 olim
734 1413 764 1470 in
789 1411 1027 1471 emendationum
1045 1410 1276 1488 Vergilianarum
1299 1429 1329 1489 p.
1349 1407 1387 1470 18
1410 1429 1452 1488 sq.

309 1515 476 1590 suspicatus
499 1531 564 1571 sum
587 1511 632 1572 his
655 1531 727 1572 usus
750 1513 941 1590 argumentis.

395 1612 422 1691 1)
446 1612 480 1672 ln
502 1616 532 1672 F
551 1615 621 1673 Aen.
646 1613 699 1673 1111
721 1610 785 1674 670
806 1614 1004 1692 transpositus
1027 1621 1072 1672 est
1094 1619 1161 1690 post
1183 1608 1259 1680 677,
1283 1609 1313 1671 h.
1340 1631 1365 1672 e.
1390 1621 1458 1691 post

560 1723 627 1774 octo
651 1733 761 1774 versus.

395 1813 424 1894 2)
450 1815 481 1875 in
505 1817 540 1876 M
561 1824 628 1893 post
649 1817 721 1876 Aen.
745 1817 758 1876 1
781 1813 843 1876 700
864 1817 969 1876 inserti
992 1823 1061 1876 sunt
1084 1811 1260 1884 709-716,
1284 1813 1312 1874 h.
1339 1834 1365 1875 e.
1390 1824 1456 1875 octo

557 1935 670 1986 versus,
694 1913 757 1976 tum
775 1917 895 1978 demum
911 1923 1053 1977 secuntur
1069 1917 1169 1976 omissi
1185 1922 1252 1975 octo
1269 1913 1453 1977 701—708:

554 2017 667 2078 similes
689 2027 788 2079 autem
811 2025 880 2078 sunt
903 2020 999 2078 exitus
1021 2036 1161 2078 versuum
1184 2013 1247 2077 700
1261 2020 1457 2079 discumbitur

528 2159 533 2170 ·
557 2127 639 2180 ostro
662 2128 691 2181 et
714 2118 775 2181 708
798 2122 984 2181 discumbere
999 2123 1103 2195 pictis

393 2219 423 2296 3)
449 2221 480 2281 iu
505 2223 541 2280 M
562 2229 630 2300 post
657 2223 728 2281 Aen.
759 2222 799 2282 lX
827 2218 889 2283 732
921 2220 1005 2281 inlati
1037 2229 1105 2280 sunt
1140 2217 1202 2282 725
1224 2239 1267 2300 sq.
1303 2239 1357 2280 suo
1391 2220 1454 2280 loco

555 2325 672 2382 omissi:
697 2323 856 2384 intercedit
871 2321 919 2382 hic
936 2339 1054 2399 quoque
1070 2323 1197 2398 spatium
1214 2330 1281 2382 octo
1304 2341 1453 2382 versuum.

400 2421 430 2500 4)
455 2425 487 2484 ln
511 2427 540 2484 P
562 2426 709 2502 repetitur
733 2423 786 2484 ecl.
810 2424 836 2484 X
858 2420 899 2484 38
922 2431 989 2502 post
1015 2421 1071 2492 07,
1105 2429 1146 2492 ut,
1180 2425 1204 2482 si
1234 2431 1315 2482 recte
1344 2425 1454 2483 conieci

555 2533 624 2604 post
647 2544 672 2584 v.
689 2522 730 2585 42
745 2521 783 2585 'et
804 2522 846 2586 46
869 2523 1002 2602 singulos
1023 2543 1126 2585 versus
1150 2523 1306 2593 excidisse,
1331 2527 1369 2584 sit
1391 2533 1455 2603 post

554 2646 579 2685 v.
603 2624 644 2687 38
678 2646 732 2686 sno
765 2626 830 2686 ioco
864 2628 993 2705 positum
1030 2628 1196 2686 tricesimus
1229 2626 1379 2686 secundus
1412 2625 1453 2686 vei

556 2735 694 2806 quattuor
716 2729 892 2806 paginarum
915 2728 1050 2789 ultimus.
1115 2718 1118 2725 ’

395 2825 424 2906 5)
449 2828 482 2887 ln
505 2831 651 2906 MPybcor
674 2831 746 2889 den.
775 2830 828 2890 1111
850 2825 913 2890 548
935 2848 978 2908 sq.
1010 2837 1077 2909 post
1104 2826 1166 2890 547
1195 2828 1351 2907 leguntur,
1382 2847 1454 2906 quos

555 2931 793 3009 transponendos
816 2949 881 2991 csse
905 2930 1108 2991 demonstravi
1130 2939 1197 3009 post
1212 2927 1290 2990 418:
1314 2932 1453 2990 interces-

559 3033 634 3092 sisse
656 3052 672 3092 a
695 3050 781 3092 versu
804 3028 868 3092 419
891 3051 984 3112 usque
1007 3032 1043 3093 ad
1059 3028 1120 3093 547
1143 3039 1215 3110 puto
1230 3033 1452 3110 quaternionem

556 3127 686 3195 sedecim
709 3135 894 3212 paginarum,
918 3152 987 3194 nam
1008 3129 1071 3195 528
1101 3131 1298 3211 interpolatus
1321 3133 1404 3193 deest
1425 3134 1453 3191 iu

556 3238 681 3306 MPmd.
788 3301 794 3308 ,
1101 3286 1105 3294 .
1331 3291 1336 3301 ,

390 3334 423 3414 6)
448 3337 481 3396 ln
510 3337 620 3398 eisdem
646 3339 792 3416 MPybcoJ
822 3339 893 3397 Aen.
917 3336 970 3397 Xii
999 3332 1059 3397 801
1085 3356 1128 3415 sq.
1158 3342 1257 3396 extant
1287 3343 1357 3414 post
1384 3331 1452 3402 800,

555 3456 682 3515 quorum
705 3438 789 3500 iocus
812 3446 947 3499 estante
970 3435 1046 3507 833,
1076 3436 1210 3499 versibus
1232 3435 1340 3497 XXXII
1362 3439 1451 3497 inter-

557 3541 671 3617 positis,
696 3539 725 3598 h.
751 3559 776 3599 e.
801 3547 939 3618 quattuor
961 3540 1086 3618 paginis

397 3637 424 3718 7)
450 3640 482 3699 in
505 3642 681 3718 FMPyocn
703 3641 775 3700 Aen,
799 3637 936 3701 1111486
959 3640 1067 3718 legitur
1089 3648 1156 3719 post
1178 3636 1255 3710 485,
1284 3659 1352 3702 eum
1374 3642 1450 3700 inse·

555 3741 666 3802 sendus
704 3743 743 3801 sit
780 3749 847 3820 post
883 3738 961 3802 517:
1007 3741 1197 3802 intercedunt
1239 3743 1310 3802 item
1350 3759 1451 3802 versus

555 3841 672 3903 XXXli.

394 3943 424 4018 8)
448 3943 481 4003 in
503 3945 706 4022 FMPBybcca
728 3948 799 4006 den.
824 3946 865 4006 lX
889 3941 949 4006 146
971 3964 1014 4023 sq.
1047 3952 1188 4006 secuntur
1217 3963 1242 4004 v.
1277 3941 1353 4013 145,
1383 3962 1456 4024 quos

555 4049 677 4126 reposui
705 4055 772 4126 post
799 4067 825 4108 v.
850 4043 905 4107 72:
940 4067 956 4107 a
987 4066 1073 4107 versu
1102 4052 1201 4106 autem
1230 4042 1270 4105 73
1300 4065 1392 4125 usque
1419 4045 1454 4104 ad

559 4144 619 4208 145
642 4150 751 4209 omisso
769 4147 838 4220 121,
863 4169 922 4230 quo
945 4155 1048 4209 carent
1064 4148 1250 4224 FMPRybc,
1268 4155 1338 4207 sunt
1354 4165 1456 4207 versus

556 4247 669 4318 LXXii,
693 4250 721 4310 h.
747 4270 772 4312 e.
796 4253 921 4331 paginae
943 4269 1058 4311 novem.
