3230 5046
314 383 374 452 178
757 399 1001 450 rnocnoortn'nn.

310 579 352 638 Ac
373 573 536 654 probabile,
559 572 741 634 Macrobium
763 591 883 653 quoqne
904 573 990 654 plura
1013 592 1049 634 ex
1069 573 1221 636 Hateriani
1243 579 1458 641 commentario

312 677 506 755 excerpsisse.

396 778 525 838 Prorsus
546 779 693 840 incertum
716 785 761 838 est
782 796 858 857 quae
880 777 918 838 de
940 780 1012 840 Aen.
1036 779 1074 839 lX
1097 776 1161 840 360
1189 772 1361 844 difficillimo
1390 782 1457 843 loco

312 881 375 940 eius
397 881 490 940 luerit
513 861 670 949 sententia,
695 881 780 940 cuius
795 893 833 940 ne
848 897 958 940 nornen
974 881 1094 956 quidem
1111 884 1182 942 satis
1198 881 1279 944 clare
1300 885 1331 944 in
1353 883 1459 944 codice

313 982 480 1041 Veronensi
509 979 604 1041 lleilio
640 982 786 1059 apparuit.
844 980 896 1042 llla
924 989 1023 1042 autem
1055 999 1130 1059 quae
1157 983 1215 1044 blei
1243 984 1401 1046 arbitrium
1431 989 1458 1046 ei

312 1081 415 1143 tribuit
448 1081 483 1142 ad
512 1084 584 1142 Aen.
614 1081 641 1142 X
667 1078 730 1142 566
759 1081 898 1144 adnotata
925 1084 1020 1162 Aspre
1049 1086 1148 1162 potius
1175 1084 1326 1146 reddenda
1358 1089 1459 1165 putavi

311 1203 340 1264 p.
367 1179 436 1244 132.
481 1183 590 1244 Contra
612 1182 684 1243 latet
705 1185 831 1246 tortasse
852 1184 1005 1244 Hateriani
1027 1204 1137 1246 nomen
1165 1187 1196 1247 in
1218 1185 1323 1246 scholii
1345 1189 1453 1248 Veron.
1504 1255 1507 1266 ¹

312 1284 347 1346 ad
363 1286 434 1345 Aen.
452 1284 504 1346 Vll
518 1281 582 1345 489
597 1303 626 1364 p.
642 1281 692 1355 98,
712 1282 752 1345 12
766 1286 801 1347 Κ.
833 1284 941 1346 litteris
961 1285 1008 1347 bis
1024 1289 1222 1364 a(cer)cnam
1242 1292 1304 1349 iam
1326 1290 1361 1366 lv.
1377 1290 1453 1350 Bue-

299 1385 448 1470 -chelerus
470 1388 501 1446 in
523 1385 712 1446 Fleckeiseni
744 1405 812 1446 ann.
840 1383 922 1448 1866
944 1406 972 1465 p.
991 1385 1054 1466 71).

835 1622 859 1702 g
885 1621 932 1686 15.

398 1791 524 1854 Saeculo
557 1799 663 1872 quarto
696 1791 794 1852 medio
824 1793 933 1854 Sancti·
952 1793 1124 1872 Hieronymi
1151 1805 1328 1874 praeceptor
1356 1799 1460 1859 Aelius

313 1897 466 1972 Donatus,
500 1895 626 1972 insignis
655 1894 767 1955 Romae
800 1891 1010 1971 grammaticus
1042 1895 1090 1973 (cf.
1119 1896 1155 1955 H.
1185 1896 1272 1957 Keilii
1300 1899 1393 1976 prael.
1423 1899 1459 1960 ad

314 2015 438 2076 gramm.
464 1996 527 2056 Lat.
550 1995 604 2055 llll
627 2013 655 2072 p.
673 1993 732 2074 XL)
756 1995 835 2055 idem
859 1997 910 2072 qui
933 2001 1027 2056 artem
1050 1999 1271 2074 grammaticam
1295 2000 1460 2079 scripsiti‘),

312 2101 427 2159 tamin
451 2096 571 2174 Vergilii
594 2105 730 2176 poemata
755 2097 903 2176 (georgica
927 2107 1008 2158 certe
1032 2105 1061 2156 et
1082 2098 1226 2176 Aeneida,
1255 2118 1322 2160 narn
1346 2100 1383 2160 de
1406 2101 1460 2161 bu·

313 2199 414 2261 colicis
436 2198 577 2260 traditum
602 2217 661 2258 non
686 2196 740 2276 est)
765 2217 852 2278 quam
874 2200 904 2258 in
928 2199 1061 2258 Terentii
1084 2191 1254 2260 comoedias
1277 2211 1460 2262 commenta-

312 2303 374 2362 rios
396 2301 532 2380 scripsit,
562 2318 597 2359 ex
627 2299 735 2380 quibus
758 2299 837 2360 haud
859 2317 953 2378 pauca
976 2301 1127 2378 excerpsit
1149 2300 1280 2362 Servius.
1331 2299 1464 2362 Functus

313 2411 412 2464 autem
435 2408 480 2462 est
502 2410 532 2460 et
554 2400 740 2468 emendando
763 2409 793 2461 et
815 2401 1028 2478 distinguendo
1058 2410 1088 2461 et
1110 2401 1286 2480 explicando
1316 2412 1345 2463 et
1373 2422 1460 2482 quae-

313 2503 460 2566 stionibus
483 2501 632 2563 solvendis
655 2501 794 2562 omnibus
817 2503 881 2562 iere
896 2503 1070 2580 interpretis
1086 2503 1199 2573 olliciis,
1223 2512 1323 2564 tamen
1339 2511 1372 2564 ut
1387 2522 1464 2583 quae

246 2591 249 2596 ¹
314 2612 430 2666 restant
454 2604 671 2684 vituperatione
694 2601 786 2663 multo
815 2604 932 2681 saepius
962 2619 1048 2678 quam
1077 2602 1164 2663 laude
1187 2604 1275 2682 digna
1296 2605 1462 2665 videantur.

400 2705 474 2767 Nam
499 2707 632 2786 antiqua,
658 2703 752 2780 qualis
774 2703 895 2782 Vergilii
917 2712 1014 2764 aetate
1036 2703 1195 2776 floruerat,
1226 2707 1327 2784 lingua
1351 2715 1380 2766 et
1402 2715 1465 2768 arte

232 2859 235 2870 .
318 2808 460 2869 desuetus
483 2825 540 2866 nec
555 2805 645 2865 Probi
668 2807 909 2884 optimorumque
931 2808 1191 2883 grammaticorum
1215 2806 1370 2886 disciplina
1393 2810 1465 2868 satis
1487 2851 1493 2864 ,

313 2909 445 2970 imbutus
467 2907 519 2968 ubi
540 2909 605 2987 ipse
628 2925 733 2985 sapere
761 2925 852 2967 ausus
880 2915 934 2976 est,
964 2907 1080 2984 longius
1108 2911 1172 2968 lere
1195 2909 1342 2988 quaesita,
1373 2927 1463 2987 saepe

315 3011 389 3072 adeo
417 3008 546 3070 absurda
582 3006 626 3067 vel
659 3027 697 3067 ne
728 3010 826 3086 turpis
853 3009 1037 3085 ignorantiae
1065 3009 1184 3088 quidem
1214 3011 1339 3070 crimine
1366 3009 1459 3072 libera

315 3110 448 3192 protulit.
498 3112 540 3170 Ac
568 3110 667 3169 statim
701 3107 895 3186 allegoricum
928 3111 1123 3187 interpretem
1158 3110 1290 3189 produnt
1319 3128 1396 3188 quae
1427 3111 1465 3170 de

316 3213 554 3292 Vergilianorum
578 3228 704 3288 operum
733 3210 838 3271 ordine
866 3219 954 3286 atque
983 3211 1083 3270 indole
1111 3213 1301 3290 excogitavit,
1330 3220 1465 3272 secutum

317 3315 431 3376 scilicet
447 3331 514 3373 esse
530 3313 561 3370 in
571 3310 744 3372 scribendis
759 3311 940 3372 carminibus
956 3311 1116 3390 Vergilium
1133 3311 1268 3372 ordinem
1284 3313 1464 3374 naturalem:

316 3418 431 3494 ‘primo
455 3414 533 3474 enim
556 3412 737 3491 pastoralem
759 3414 853 3474 luisse
876 3415 907 3472 in
930 3412 1082 3473 montibus
1105 3415 1207 3482 vitam,
1236 3422 1306 3492 post
1334 3413 1461 3492 agricul-

317 3527 400 3577 turae
423 3532 565 3583 amorem,
589 3514 658 3574 inde
673 3513 819 3575 bellorum
836 3533 938 3574 curam
960 3515 1160 3576 successisse’
1185 3515 1314 3592 (Servius
1329 3533 1465 3592 prooem.

317 3616 370 3677 ecl.
396 3635 425 3695 p.
449 3611 489 3676 97
513 3615 567 3696 b).

278 3827 281 3830 .
316 3787 344 3836 11
363 3783 442 3850 632):
461 3787 565 3836 discedo
584 3801 614 3834 ac
633 3785 739 3834 ducente
758 3786 808 3834 deo
824 3783 946 3848 flammam
963 3786 1030 3834 inter
1048 3791 1073 3832 et
1090 3784 1175 3834 hostes
1188 3786 1324 3848 empedior,
1344 3773 1467 3834 cum'ille

318 3869 478 3920 doctissime
496 3869 597 3922 dixerit
614 3870 721 3920 ducem
739 3871 796 3928 deo,
815 3883 870 3918 non
887 3870 944 3920 dea.
973 3883 1036 3934 nem
1055 3871 1083 3916 et
1100 3867 1173 3930 apud
1191 3866 1306 3918 (tali-um
1319 3868 1468 3918 Ater-ianus

318 3953 448 4004 adfirmet
472 3953 617 4020 legendum
633 3956 819 4018 pollentemque
842 3955 914 4002 deum
936 3951 1072 4009 Venerem,
1095 3965 1151 4000 non
1174 3953 1256 4001 deam’
1276 3968 1299 4006 e.
1319 3967 1343 4016 q.
1364 3967 1386 4004 s.
1423 3951 1466 4005 Cf.

317 4037 431 4090 Servius
450 4039 485 4089 ed
503 4038 529 4092 h.
549 4038 568 4087 l.
598 4038 703 4088 Donati
721 4036 755 4087 ed
775 4051 837 4087 eun.
855 4037 880 4086 V
898 4038 922 4094 2,
940 4035 973 4085 36
992 4035 1135 4084 adnotatio
1153 4034 1272 4100 Vergilii
1294 4039 1323 4085 et
1340 4033 1469 4086 Sallustii

318 4123 472 4188 exemplum
491 4138 633 4174 commune
652 4121 745 4175 habet.

390 4206 417 4272 *)
438 4207 483 4260 Ol.
502 4201 592 4272 Sergii
611 4205 753 4271 explanat.
772 4205 801 4254 in
820 4207 908 4253 artem
925 4201 1031 4254 Donati
1049 4218 1168 4268 prooem.
1188 4203 1311 4267 (gramm.
1330 4203 1468 4256 Lat.·vol.

323 4293 381 4348 1111
400 4308 426 4359 p.
446 4291 496 4340 486
516 4289 558 4344 ed.
577 4291 612 4341 H.
631 4287 718 4350 Keil.)
742 4287 804 4338 ‘hic
824 4287 895 4338 enim
913 4286 1040 4337 Donatus
1058 4286 1090 4338 V.
1110 4285 1141 4338 C.
1159 4287 1210 4337 D.’
1235 4287 1279 4350 (V.
1299 4285 1354 4338 CL.
1373 4287 1418 4338 vel
1435 4287 1468 4342 V.

318 4379 350 4431 P.
371 4375 443 4430 coni,
464 4371 588 4438 Keiliuo)
613 4371 818 4436 ‘Vergilianum
843 4387 955 4422 carmen
973 4371 1035 4422 vel'
1054 4369 1127 4435 (eti)
1151 4371 1292 4422 ‘Terentii
1311 4371 1468 4423 comoedias

209 4507 213 4514 .
318 4459 431 4511 mirifice
451 4459 673 4508 commentavit'.
