3230 5046
622 417 864 463 monacorum.
1252 405 1314 470 183

167 587 246 650 fluvii
275 586 364 647 alveis
393 595 424 649 ut
452 607 520 648 cum
544 588 657 649 Seneca
680 588 809 666 Vergilio
838 591 1011 651 conveniret
1032 593 1103 652 Aen.
1128 593 1167 652 lX
1189 589 1228 653 31
1258 595 1313 654 im-
1418 599 1422 606 '

167 692 247 750 mani
279 689 444 768 hyperbato
472 691 572 752 Nilum
605 687 787 771 praecedere
815 691 936 768 Gangen
971 695 1085 770 coegit,
1119 692 1177 753 hoc
1210 694 1314 754 ordine

167 790 343 852 verborum:
373 797 597 871 ‘ceusurgens
619 798 734 871 septem
757 791 892 852 amnibus
914 791 998 854 Nilus
1027 801 1077 854 aut
1099 795 1233 872 Ganges'
1265 795 1311 872 (cl,

167 912 242 973 quae
265 912 355 972 supra
378 893 414 954 de
437 895 473 955 Vl
496 891 558 956 339
581 895 785 972 narravimus).
816 894 901 974 Apud
917 895 1079 958 Varronem
1102 915 1170 958 cum
1193 897 1313 976 legisset

102 1043 105 1047 .
166 1011 196 1068 in
221 996 349 1056 Lucania
377 997 456 1057 circa
479 995 617 1067 fluvium,
648 998 695 1073 qui
719 995 805 1057 Calor
832 1006 966 1068 vocatur,
997 998 1107 1059 aditum
1137 1000 1173 1060 ad
1201 1001 1314 1062 inferos

166 1098 334 1166 monstrari,
358 1097 439 1157 hunc
460 1099 647 1176 potissimum
670 1097 769 1158 locum
791 1100 892 1159 nescio
916 1116 973 1176 qua
996 1099 1032 1158 de
1049 1118 1138 1161 causa
1154 1102 1313 1181 Vergilium

166 1216 282 1277 quoque
306 1199 356 1258 Vll
377 1195 440 1260 563
463 1197 633 1260 describere
657 1199 822 1268 contendit,
853 1202 986 1280 quamvis
1015 1199 1196 1262 abhorreant
1224 1222 1239 1263 a
1263 1203 1313 1264 tali

166 1301 306 1378 opinione
329 1298 418 1360 verba
442 1300 505 1362 ‘est
526 1299 609 1362 locus
631 1299 732 1363 ltaliae
754 1303 866 1361 medio’
892 1320 948 1361 nec
971 1309 1089 1364 montes
1112 1303 1233 1364 omnino
1254 1303 1313 1364 illic

166 1402 235 1470 sint,
260 1400 316 1462 sub
340 1400 446 1480 quibus
470 1409 567 1462 tamen
591 1402 671 1463 hunc
693 1401 790 1461 locum
814 1401 905 1464 luisse
927 1411 1015 1482 poeta
1039 1403 1117 1464 dicit.

139 1577 141 1582 .
249 1518 382 1580 Helenor
404 1539 420 1580 a
443 1528 537 1581 matre
560 1539 644 1583 serva
666 1525 762 1582 vetitis
785 1522 821 1582 ad
843 1523 963 1582 Troiam
993 1525 1083 1584 armis
1106 1526 1216 1585 missus
1240 1524 1312 1585 dici·

165 1629 215 1682 tur
236 1619 274 1681 lX
298 1617 374 1682 547:
412 1621 543 1684 Donatus
571 1641 637 1684 cum
664 1629 769 1684 ‘servos
797 1641 917 1703 quoque
950 1624 1102 1686 interdum
1135 1625 1310 1688 militavisse

165 1723 288 1800 legisset
310 1729 339 1782 et
362 1741 465 1783 eorum
487 1723 613 1785 fortasse
637 1724 851 1804 exemplorum,
875 1743 949 1804 quae
972 1725 1140 1788 Macrobius
1157 1727 1216 1788 Sat.
1233 1727 1245 1787 l
1263 1725 1311 1796 11,

164 1820 207 1885 30
229 1840 293 1900 sqq.
318 1826 476 1902 congessit,
499 1827 701 1895 meminisset,
729 1845 789 1887 non
811 1827 877 1904 lege
900 1827 1035 1896 militari,
1066 1829 1118 1888 scd
1141 1830 1201 1890 lato
1224 1831 1312 1890 vetita

166 1943 247 1986 arma
270 1925 495 2004 interpretando
520 1946 535 1987 a
558 1936 664 2005 poetae
688 1927 897 2006 montelongo
920 1928 1083 1990 abborruit.

250 2045 407 2122 Argutatus
430 2053 474 2106 est
495 2048 583 2108 etiam
607 2049 638 2106 in
661 2045 785 2124 singulis
807 2046 958 2108 vocabulis
981 2047 1177 2126 explicandis,
1200 2057 1234 2110 ut
1255 2068 1312 2110 usu

164 2147 229 2206 lere
251 2148 398 2207 sermonis
420 2146 516 2208 Latini
540 2151 672 2210 caruisse
694 2147 844 2218 videatur:
879 2165 937 2224 quo
961 2150 986 2209 si
1009 2150 1173 2210 instructus
1195 2151 1309 2228 luisset,

164 2265 220 2307 nec
248 2254 366 2326 poterat
393 2251 561 2326 inpressum
589 2249 688 2310 balteo
710 2247 851 2309 Pallantis
879 2249 963 2310 nefas
985 2249 1147 2310 Danaidum
1180 2251 1313 2332 (Aenll

163 2345 237 2428 497)
266 2367 407 2428 perverso
435 2369 525 2411 sensu
554 2355 723 2412 ‘coactum'
751 2345 809 2411 nec
838 2352 868 2409 in
896 2367 942 2427 ge.
966 2345 1091 2420 11514',
1126 2351 1178 2412 ubi
1210 2361 1310 2415 aratro

164 2450 292 2528 agricola
316 2453 441 2530 patriam
463 2469 629 2532 parvosque
653 2461 775 2532 penates
798 2452 946 2513 sustinere
969 2451 1085 2522 dicitur,
1106 2457 1241 2530 patriam
1263 2457 1309 2515 in·

165 2554 325 2630 terpretari
348 2551 453 2622 villam,
478 2555 561 2632 quasi
583 2570 643 2614 non
666 2573 719 2614 sno
736 2555 861 2634 quisque
883 2552 985 2614 labore
1008 2556 1163 2616 universae
1186 2558 1311 2617 civitatis

163 2654 271 2714 famem
294 2653 414 2714 levaret.
770 2651 774 2658 ’

249 2754 428 2834 Simplicem·
454 2773 574 2818 sensum
609 2765 783 2836 aspernatus
817 2763 861 2816 est
895 2758 982 2816 etiam
1016 2758 1047 2815 in
1076 2757 1148 2817 Aen.
1172 2755 1311 2820 x11585

163 2855 403 2934 interpretando,
437 2857 488 2917 ubi
517 2857 640 2926 distrahi
668 2857 839 2918 rumoribus
867 2855 1003 2935 malignis
1031 2857 1170 2935 Latinum
1198 2863 1309 2930 statuit,

163 2976 252 3036 quem
275 2958 360 3018 trabi
380 2959 458 3018 inter
481 2958 692 3036 trepidantium
715 2957 863 3018 discordia
887 2965 917 3017 et
938 2960 1046 3018 timore
1068 2961 1176 3020 civium
1199 2961 1308 3020 tumul·

165 3067 228 3119 tum
251 3049 428 3120 inmoenia
457 3067 628 3119 narraverat
656 3056 790 3138 poclm).
842 3058 954 3118 Eodem
983 3067 1110 3138 spectat,
1146 3061 1224 3139 quod
1248 3061 1311 3121 Vlll

164 3157 228 3221 333
249 3162 280 3219 in
304 3160 401 3221 verbis
426 3163 605 3237 ‘pelagique
628 3168 759 3221 extrema
776 3163 968 3236 sequentem'
992 3159 1095 3220 maluit
1117 3145 1309 3240 interpretari

164 3263 212 3320 ‘in
242 3261 362 3340 pelago'
398 3261 441 3322 vel
477 3263 548 3340 ‘per
580 3262 720 3340 pelagus'
756 3269 887 3322 extrema
920 3271 1095 3340 sequentem
1124 3280 1210 3341 quam
1242 3281 1308 3322 cum

62 3410 67 3418 .
162 3361 251 3439 vulgo
274 3364 456 3440 coniungere
488 3365 639 3424 ‘extrema
662 3362 792 3441 pelagi';
822 3370 851 3422 et
879 3362 958 3438 quod
981 3361 1007 3422 X
1028 3359 1091 3422 463
1118 3364 1148 3422 in
1171 3361 1311 3432 Pallantis

163 3482 232 3524 cum
262 3463 364 3524 Turno
394 3462 561 3524 dimicaturi
588 3464 727 3542 precibus
759 3464 980 3542 ‘victoremque
1012 3460 1120 3536 ferant
1152 3465 1308 3524 morientia

161 3564 273 3625 lumina
290 3565 399 3624 Turni’
422 3567 610 3625 meminerint
628 3565 785 3634 intellexit,
809 3583 870 3625 non
891 3567 1066 3626 sustineant.
1098 3565 1202 3634 Merito
1226 3564 1308 3625 deni-

163 3683 221 3743 que
245 3667 427 3745 vituperatur
450 3685 466 3726 a
490 3666 601 3735 Servio,
625 3666 703 3745 quod
726 3671 816 3727 lonas
837 3673 991 3743 sequentes
1013 3667 1121 3730 ordine
1143 3683 1189 3743 ge.
1212 3663 1310 3726 1424

162 3774 266 3830 noctes
296 3768 397 3828 statuit
426 3785 490 3828 esse
519 3767 596 3827 diem
627 3776 802 3847 sequentes,
837 3787 905 3828 cum
932 3767 1019 3828 lunae
1048 3769 1127 3828 vices
1157 3773 1186 3826 et
1214 3767 1309 3828 varias
1350 3767 1357 3782 ⁰

163 3870 276 3929 lormas
298 3867 431 3946 intellegi
455 3867 580 3930 voluerit
602 3876 698 3946 poeta.
724 3861 726 3866 ’
1020 3856 1023 3862 ’

231 4187 254 4252 *l
272 4189 314 4239 Ex
338 4188 394 4240 alio
418 4191 615 4240 commentario
638 4194 747 4256 sumpta
771 4194 834 4240 sunt
858 4188 948 4240 Servii
971 4189 1042 4240 baec
1065 4189 1100 4240 od
1123 4189 1191 4240 Aen.
1214 4190 1311 4240 11480

163 4277 247 4324 ‘cellit
271 4290 325 4324 non
348 4273 452 4326 deiecit
471 4318 476 4328 .
498 4317 503 4328 .
525 4319 530 4328 .
552 4275 601 4324 aad
623 4279 738 4329 movet.
760 4319 765 4329 .
787 4319 792 4330 .
816 4273 871 4339 (vel
896 4279 970 4324 certe
995 4274 1099 4325 vellere
1122 4274 1182 4324 vult
1203 4277 1234 4322 ut
1256 4273 1309 4322 XII

165 4359 225 4410 585.
261 4374 325 4408 nam
345 4374 429 4423 quare
449 4357 518 4409 facit
536 4356 743 4428 fenestramap.
772 4360 803 4414 lu
821 4359 873 4412 hoc
892 4359 964 4413 euim
983 4359 1121 4416 ‘trahunt’
1141 4357 1309 4430 explicatum

162 4444 217 4500 fuit
236 4443 363 4496 ‘trahere
381 4443 501 4504 volunt',
