3212 5042
615 415 858 460 Puonuttommrtd.

241 595 292 647 aot
314 599 458 666 praetcrea
480 597 534 647 tam
558 598 623 646 sunt
645 589 747 646 arcturi
770 589 859 646 sidera
882 589 963 647 nobis

315 677 521 750 haedorumque
542 675 601 732 dies
623 673 747 732 servandi
768 682 796 731 et
817 673 924 732 lucidus
946 679 1052 752 anguis,

316 779 397 838 quam
420 761 519 836 quibus
542 762 570 817 in
592 761 707 834 patriam
730 767 843 817 ventosa
865 776 914 834 per
936 777 1056 836 aequora
1078 763 1163 818 vectis

314 855 416 924 pontus
438 854 467 903 et
488 845 610 904 ostriieri
632 844 724 902 fauces
746 852 916 920 temptantur
937 845 1031 922 Abydi.

238 1021 289 1072 257
312 1034 364 1074 nec
384 1017 488 1074 trustra
510 1017 652 1095 signorum
674 1015 765 1072 obitus
788 1014 962 1090 speculamur
984 1023 1012 1072 et
1036 1024 1114 1072 ortus

316 1100 543 1177 temporibusque
565 1116 658 1175 parem
680 1099 794 1156 diversis
816 1107 949 1174 quattuor
969 1115 1084 1158 aunum:

238 1191 290 1242 252
313 1187 378 1244 lrinc
399 1193 576 1262 tempestates
598 1185 682 1244 duliio
704 1184 875 1259 praediscere
896 1183 973 1243 caelo

313 1288 476 1348 possumus,
499 1271 564 1328 hinc
585 1271 738 1344 messisque
759 1269 830 1326 diem
854 1278 1016 1344 tempusque
1037 1271 1155 1334 serendi.

318 1364 347 1414 et
369 1356 477 1432 quando
499 1354 611 1412 infidum
633 1356 716 1411 remis
739 1353 880 1428 impellere
902 1371 1021 1411 marmor

315 1443 473 1506 conveniat,
498 1440 605 1515 quando
629 1446 746 1496 armatas
769 1438 902 1496 deducere
927 1438 1033 1507 classis,

315 1535 362 1584 aut
383 1528 573 1603 tempestivam
596 1524 671 1582 silvis
694 1532 818 1582 evertere
839 1525 945 1599 pinum.

158 1695 281 1756 Poteris
314 1694 379 1756 sine
412 1692 473 1755 ullo
507 1693 646 1754 carminis
675 1691 870 1761 detrimento,
903 1692 995 1754 immo
1025 1691 1224 1756 emolumento
1253 1713 1314 1756 non

155 1795 240 1858 nullo
264 1803 336 1858 ante
357 1813 385 1858 v.
403 1791 467 1858 208
490 1795 522 1856 in
545 1794 759 1872 quattuorflqui
781 1792 962 1855 antecedunt
983 1811 1122 1856 versuum
1143 1791 1313 1863 204-207

156 1897 258 1960 locum
282 1895 463 1958 substituere
485 1903 600 1976 septem
622 1913 697 1975 quos
719 1913 756 1956 ex
778 1895 902 1958 adverso
923 1896 1088 1976 posuimus.
1133 1897 1208 1962 Nam
1229 1917 1312 1960 scru-

158 1997 294 2080 pulosior
317 2000 369 2076 qui
391 1999 430 2060 sit
452 1999 556 2060 mirari
577 1999 679 2078 possit,
703 2015 757 2060 cur
778 1996 898 2058 tandem
922 2003 952 2058 et
975 2014 1049 2076 quas
1071 1997 1107 2060 ad
1130 2017 1180 2060 res
1202 1998 1314 2060 lraedos

158 2102 347 2182 potissimum
370 2108 399 2160 et
426 2118 554 2179 anguem
583 2101 702 2160 omnino
730 2099 892 2166 seruandus
925 2101 1131 2180 praeceperit,
1166 2102 1217 2178 qui
1245 2120 1313 2162 mox

160 2201 212 2265 ubi
234 2200 353 2281 singula
376 2203 498 2282 exponit
519 2208 638 2282 praeter
654 2200 774 2272 booten,
798 2219 857 2282 quo
873 2193 1106 2262 commemorato
1121 2200 1158 2264 ad
1179 2203 1314 2264 ‘arcturi

160 2304 279 2366 sidera'
307 2303 461 2384 respicere
489 2301 583 2364 videri
604 2305 705 2383 possit,
736 2304 836 2364 omnia
865 2301 920 2364 alia
942 2304 1035 2382 signa,
1058 2301 1166 2366 libram
1195 2310 1312 2366 taurum

160 2405 297 2488 pleiades
320 2423 471 2475 coronam,
496 2414 654 2466 enumerat
678 2404 807 2486 quidque
829 2402 945 2466 valeant
971 2404 1067 2466 docet.
1121 2404 1216 2466 Porro
1244 2405 1314 2484 quid

160 2510 286 2570 omnino
310 2525 347 2568 ex
370 2505 502 2568 siderum
526 2505 734 2568 observatione
756 2506 872 2576 discere
894 2507 1011 2586 possint
1033 2506 1196 2586 agricolae,
1226 2504 1315 2586 paulo

161 2609 278 2691 planius
294 2615 325 2670 et
339 2609 488 2689 copiosius
503 2605 596 2670 altero
613 2607 679 2670 loco
694 2608 876 2670 illustratur:
895 2616 1053 2670 nautarum
1069 2616 1169 2671 autem
1186 2616 1315 2688 utroque

165 2711 277 2774 mentio
299 2710 341 2772 lit.

246 2813 367 2892 Optime
393 2811 463 2873 inde
489 2811 660 2892 procedunt
687 2828 762 2889 quae
792 2811 829 2873 de
857 2813 972 2874 satione
999 2811 1139 2892 leguntur
1161 2831 1178 2874 a
1201 2831 1226 2874 v.
1249 2808 1314 2874 208

162 2933 259 2997 usque
282 2913 319 2976 ad
341 2910 415 2976 230.
460 2916 498 2976 nt
518 2921 582 2976 tum
605 2919 749 2975 secuntur
770 2932 797 2975 v.
820 2911 898 2976 231:

368 3035 472 3093 idcirco
497 3037 580 3093 certis
602 3035 753 3092 dimensum
775 3035 899 3112 partibus
922 3035 1016 3094 orlrem

371 3137 421 3195 per
442 3120 566 3178 duodena
588 3122 661 3196 regit
683 3121 775 3179 mundi
798 3121 839 3180 sol
863 3137 962 3179 aureus
985 3122 1073 3186 asira;

165 3261 194 3316 et
218 3253 328 3315 deinde
350 3251 388 3313 de
410 3253 492 3313 zonis
513 3254 696 3333 praecipitur
723 3269 818 3332 usque
846 3253 883 3315 ad
912 3272 936 3314 v.
960 3249 1033 3316 251.
1082 3251 1250 3324 ldcircone,
1280 3261 1314 3315 ut

167 3357 272 3416 violam
295 3371 378 3415 seras
406 3353 554 3432 vilemque
581 3353 754 3435 phaselum?
786 3354 822 3434 (v.
845 3351 919 3435 227)
947 3353 994 3416 vel
1022 3361 1055 3416 ut
1083 3362 1248 3417 sementem
1276 3355 1312 3417 ad

166 3457 279 3519 medias
303 3455 445 3517 extendas
467 3459 590 3536 pruinas
613 3455 649 3535 (v.
665 3453 759 3537 230ss
783 3457 819 3518 Et
834 3459 916 3519 zonis
938 3456 1010 3538 quid
1033 3456 1153 3519 tandem
1176 3475 1244 3519 cum
1266 3475 1312 3521 sa·

164 3561 249 3620 tione
272 3576 433 3619 commune
456 3559 519 3619 esti
541 3558 656 3620 idcirco
684 3559 825 3619 nimirum
849 3566 929 3620 astra
951 3577 1009 3638 per
1032 3558 1148 3620 caelum
1171 3557 1312 3641 disposita

164 3660 291 3744 putabis,
316 3665 350 3721 ut
371 3659 441 3720 inde
462 3665 653 3739 tempestates
668 3659 857 3741 praediscere
878 3661 975 3740 possis
991 3669 1021 3721 et
1035 3679 1110 3741 quae
1125 3679 1151 3723 v.
1168 3657 1232 3724 253
1246 3679 1311 3744 sqq.

164 3769 315 3824 secuntur.
361 3761 457 3822 Zonas
478 3768 574 3824 autem
598 3779 659 3823 non
682 3762 766 3823 video
790 3779 848 3840 quo
871 3761 996 3825 consilio
1025 3770 1113 3843 poeta
1141 3761 1312 3827 describere

163 3864 297 3944 potnerit
319 3861 377 3924 alio
400 3864 458 3924 nisi
481 3871 514 3924 ut
535 3863 671 3926 duodena
694 3863 743 3926 illa
770 3871 849 3926 astra
876 3881 933 3944 per
961 3881 1050 3925 nonas
1077 3863 1218 3945 disposita
1246 3885 1312 3928 csse

164 3965 296 4028 doceret.
343 3964 446 4043 ltaque
469 3972 661 4045 expectamus
682 3973 715 4027 ut
738 3974 894 4028 enumeret
917 3983 966 4037 ea,
996 3966 1046 4026 sed
1077 3973 1175 4028 arctos
1198 3973 1312 4030 tantum

163 4075 192 4129 et
214 4083 343 4146 anguem
367 4075 580 4129 commemorat
607 4085 632 4128 v.
656 4064 721 4129 244
742 4087 786 4148 sq.
836 4068 958 4129 Poterat
985 4073 1083 4129 autem
1111 4067 1185 4130 haec
1213 4070 1310 4132 omnis

163 4171 312 4238 omittere,
351 4175 383 4228 ut
416 4186 476 4230 non
499 4168 626 4230 absurda
649 4170 783 4232 videatur
805 4171 950 4251 suspicio,
985 4168 1021 4231 ab
1049 4171 1115 4250 ipso
1145 4169 1223 4234 edita
1246 4189 1311 4233 esse

162 4270 251 4334 haec:
287 4266 467 4332 iot-207.
501 4267 680 4334 208-230.
715 4269 895 4334 276-286.
927 4267 1112 4342 287-310,
1149 4279 1310 4334 retractato

161 4379 266 4453 postea
290 4372 348 4434 lroc
371 4389 491 4452 quoque
513 4373 579 4434 loco
602 4372 705 4435 relicta
728 4392 794 4436 esse
815 4376 845 4434 in
869 4374 987 4435 schedis
1008 4372 1097 4435 haec:
1131 4369 1309 4436 231-251.

160 4468 343 4538 252-256.
379 4469 442 4538 257
465 4493 508 4555 sq.
541 4469 724 4544 259-2753
769 4477 801 4536 in
829 4474 874 4536 his
902 4475 1035 4537 nondum
1062 4471 1195 4536 absoluta
1220 4475 1311 4537 luisse
