3230 5046
607 397 855 441 rnonroonrnx.
1239 377 1300 445 227

156 563 269 642 scripta
291 563 351 624 sint
379 581 438 624 non
468 562 582 626 dubitat
604 563 725 624 lleilins.
782 566 936 644 ‘Magnam
970 572 1090 628 autem’
1124 569 1221 648 inquit
1252 570 1302 630 ille

156 665 296 741 ‘antiqua
318 667 466 744 scriptura
489 684 505 726 a
527 661 847 748 recentiore·[saeculi
868 662 919 750 lll]
951 685 1039 746 passa
1062 677 1107 730 est
1128 671 1300 731 iacturam'.

156 765 261 844 Neque
285 767 363 826 enim
386 767 564 827 transversis
587 766 713 837 chartis,
743 767 795 828 sed
826 770 929 830 eodem
958 776 1045 850 atque
1072 772 1102 830 in
1136 773 1302 848 antiquiore

157 868 306 946 scriptura
328 867 439 928 sactum
463 875 527 929 erat
549 868 653 929 ordine
676 871 865 948 supraposito
888 877 971 931 textu
995 873 1108 932 novicio
1132 890 1190 931 non
1214 874 1300 933 scho-

156 967 268 1029 liorum
292 976 415 1038 tantum,
440 969 491 1030 sed
516 988 655 1032 versuum
679 972 767 1032 etiam
783 971 1020 1050 Vergilianorum
1043 992 1113 1052 pars
1136 972 1303 1036 oblitterata

158 1077 212 1130 est.
257 1067 390 1139 Quorum
414 1078 557 1148 quantum
579 1071 669 1134 nullis
697 1071 836 1133 adhibitis
863 1072 1088 1156 medicamentis
1116 1077 1259 1154 temporis
1287 1095 1302 1135 a

157 1172 310 1232 canonicis
332 1173 470 1250 permissi
493 1175 637 1252 angustiis
665 1176 814 1235 coercitus
843 1175 988 1254 expiscari
1016 1175 1116 1255 potui,
1146 1175 1303 1256 diligenter

156 1275 188 1332 in
212 1275 424 1334 commentario
448 1274 552 1336 critico
576 1277 701 1336 enotavi.

224 1423 272 1502 ’71
296 1426 428 1487 Accessit
450 1425 496 1487 his
518 1445 571 1488 sex
586 1426 707 1505 Vergilii
720 1427 952 1508 exemplaribus
974 1430 1186 1509 antiquissimis
1208 1449 1305 1510 nuper

159 1529 329 1606 septimum.
354 1527 524 1606 indagatum
546 1527 619 1589 illud
643 1547 659 1588 a
683 1529 716 1590 G.
732 1529 768 1589 H.
785 1529 910 1590 Pertzio.
956 1530 1013 1602 Qui
1036 1549 1104 1591 eum
1126 1529 1303 1596 66661862

160 1647 197 1688 ex
219 1631 355 1689 auctione
378 1627 524 1690 librorum
542 1629 841 1691 Limborchianorum
861 1631 961 1708 Hagae
986 1630 1085 1692 habita
1107 1634 1163 1693 tria
1184 1631 1305 1711 Vergilii

159 1729 230 1790 lolia
253 1729 480 1790 membranacea
503 1730 705 1810 pulcherrima
728 1730 835 1792 litteris
858 1731 1032 1811 capitalibus
1059 1735 1169 1812 scripta
1196 1734 1303 1796 biblio·

160 1831 265 1891 thecae
289 1830 495 1893 Berolinensis
517 1834 638 1892 nomine
661 1839 690 1892 et
711 1834 886 1893 auctoritate
914 1833 1108 1903 redemisset,
1138 1838 1236 1897 statim
1258 1839 1303 1898 iu·

84 1924 92 1928 ’
160 1932 275 1993 16116611
296 1932 430 1993 eiusdem
453 1933 565 1994 codicis
589 1951 664 2002 esse,
689 1934 775 1994 cuius
796 1934 996 2011 fragmentum
1019 1933 1138 2014 aliquod
1161 1938 1233 1997 hen.
1250 1939 1303 1998 llll

159 2030 330 2095 302-305
357 2032 544 2095 hlabillonius
571 2034 689 2095 saeculo
718 2033 794 2094 XVll
829 2034 1063 2096 admirabundus
1091 2037 1193 2096 amicis
1221 2057 1304 2098 mou·

160 2143 320 2204 straverat,
350 2135 429 2214 quod
459 2142 528 2214 post
555 2145 683 2196 mortem
712 2138 777 2197 eins
799 2155 877 2198 anno
902 2133 984 2196 1709
1006 2136 1169 2198 Ruinartns
1190 2140 1221 2198 in
1244 2140 1304 2199 lla-

160 2235 276 2296 billonii
298 2235 336 2296 de
358 2254 391 2296 re
415 2236 604 2315 diplomatica
627 2237 704 2298 libro
728 2238 767 2317 (p.
790 2234 863 2313 635)
888 2239 1015 2317 exprimi
1037 2239 1165 2309 curavit,
1195 2243 1304 2319 repeti·

161 2345 267 2398 verunt
277 2346 374 2398 autern
388 2338 681 2416 patresBenedictini
689 2341 720 2399 in
733 2346 874 2400 tractatus
886 2341 956 2399 novi
968 2338 1149 2418 diplomatici
1158 2339 1305 2401 volumine

160 2438 201 2498 lll
217 2457 247 2518 p.
263 2435 314 2499 41.
339 2439 412 2508 Nam
429 2439 507 2516 quod
525 2439 666 2502 silvester
689 2442 719 2500 in
742 2439 992 2520 palaeographiae,
1010 2440 1185 2502 universalis
1207 2441 1263 2502 vol.
1280 2442 1306 2502 ll

160 2541 290 2600 coniecit
311 2542 342 2600 in
358 2541 496 2601 Vaticana
518 2540 697 2603 bibliotheca
720 2541 922 2605 lllabillonium
947 2560 1025 2603 anno
1050 2539 1132 2604 1685
1154 2541 1199 2602 661
1224 2540 1306 2604 1686

163 2641 304 2702 schedam
327 2639 406 2703 illam
429 2643 539 2704 vidisse
562 2651 723 2723 narratque
739 2644 976 2720 quattuordecim
993 2652 1055 2704 tum
1071 2647 1214 2724 temporis
1230 2647 1306 2705 eins-

162 2741 230 2802 dem
253 2741 365 2803 codicis
386 2741 457 2804 lolia
479 2745 509 2803 in
533 2762 567 2805 ea
591 2746 733 2814 extitisse,
757 2743 837 2804 unde
857 2753 957 2806 tamen
971 2747 1049 2806 inter
1064 2746 1202 2817 incendii,
1227 2747 1306 2824 quod

160 2863 239 2904 anno
262 2840 347 2904 ’1168
369 2844 484 2914 accidit,
507 2845 652 2906 tumultus
674 2846 749 2915 duo,
775 2847 895 2906 tertium
919 2846 981 2906 scil.
1006 2855 1035 2906 et
1057 2855 1211 2929 quartum,
1236 2866 1304 2926 per·

159 2947 267 3014 ierint,
296 2944 410 3024 reliqna
440 2954 537 3006 autem
561 2945 717 3007 duodecim
741 2965 773 3007 se
796 2948 893 3026 ipsum
917 2965 995 3007 anno
1020 2944 1100 3008 1841
1123 2947 1164 3007 111
1187 2948 1304 3018 vidisse,

159 3046 217 3106 hoc
240 3053 270 3106 61
291 3045 349 3106 tide
372 3055 402 3106 et
423 3045 633 3125 probabilitate
656 3065 760 3108 666666
781 3050 932 3128 persuasit
943 3049 1060 3109 Pertzio
1072 3049 1191 3110 Ulricus
1204 3049 1302 3110 lloeh-

160 3147 206 3208 ler
239 3148 280 3223 (in
314 3149 536 3208 commentariis
565 3149 726 3209 menstruis
754 3150 885 3211 academ.
920 3149 1049 3209 Berolln.
1077 3147 1160 3211 1864
1191 3170 1219 3229 p.
1242 3147 1305 3212 278

156 3248 248 3328 sqq).
294 3249 455 3321 06166616
478 3249 656 3311 documento
679 3251 814 3320 firmavit,
838 3252 895 3312 iam
919 3258 987 3312 ante
1010 3249 1139 3311 medium
1154 3251 1306 3313 saeculum

160 3350 236 3410 XVll
258 3369 319 3411 non
341 3350 409 3429 plus
431 3357 571 3429 quattuor
594 3350 672 3412 loliis
694 3353 865 3430 georgicon,
895 3369 971 3430 quae
1000 3353 1170 3412 etiamnunc
1197 3354 1229 3412 in
1251 3351 1305 3414 Va·

160 3454 258 3512 116666
282 3451 463 3512 bibliotheca
491 3469 618 3512 numero
640 3449 725 3514 3256
748 3453 863 3530 signata
885 3453 1092 3522 adservantur,
1121 3452 1233 3515 Romae
1256 3473 1305 3514 ex·

160 3555 264 3614 titisse.
320 3553 382 3624 Sed,
411 3552 485 3614 haec
513 3554 577 3632 ipsa
605 3555 645 3614 116
668 3562 836 3632 comparata
871 3562 947 3624 sunt,
984 3562 1017 3614 ut
1049 3573 1110 3614 non
1143 3557 1306 3636 scripturae

160 3662 273 3715 tantum
297 3671 407 3732 genere
430 3662 460 3715 et
481 3655 577 3716 forma
606 3655 815 3732 membranae,
843 3655 896 3728 sed
924 3674 1065 3716 versuum
1095 3657 1183 3716 etiam
1212 3658 1306 3716 conti·

161 3758 273 3817 unitate
295 3755 475 3816 intellexerit
498 3755 632 3817 Pertzins
654 3755 865 3818 Berolinenses
888 3764 917 3816 et
932 3755 1087 3817 Vaticanas
1109 3756 1198 3817 hasce
1221 3756 1305 3817 sche-

162 3858 215 3916 das
238 3857 371 3918 einsdem
395 3857 506 3918 codicis
528 3857 691 3936 particulas
714 3877 789 3920 esse.
834 3858 908 3918 Nam
932 3859 1083 3937 excipiunt
1105 3875 1172 3918 sese
1194 3859 1307 3936 singula

159 3958 230 4018 lolia
251 3957 308 4018 hoc
330 3958 444 4029 ordine,
467 3965 500 4018 ut

183 4108 361 4172 schedarum
383 4111 590 4184 Vaticanarum
639 4111 742 4172 lolium
807 4111 992 4171 loontineat
1014 4110 1096 4189 gel
1139 4107 1266 4173 41-80

270 4242 281 4254 -
389 4211 688 4273 Berolinensium‘-
806 4213 819 4272 l
906 4246 917 4257 -
1026 4245 1038 4257 ·
1083 4243 1094 4256 ·
1139 4208 1287 4274 81-120

268 4340 279 4360 ·
387 4313 593 4375 Vaticanarnm
676 4348 687 4360 ·
791 4315 818 4374 ll
905 4347 916 4360 ·
1028 4309 1287 4374 --121-160
1382 4357 1384 4359 -
1489 4361 1492 4370 ,

677 4449 687 4460 -
777 4415 817 4474 111
905 4449 916 4460 -
1025 4411 1287 4474 --161-200

1037 4512 1102 4576 16*
