<?xml version="1.0" encoding="UTF-8"?>
<!DOCTYPE html PUBLIC "-//W3C//DTD XHTML 1.0 Transitional//EN"
    "http://www.w3.org/TR/xhtml1/DTD/xhtml1-transitional.dtd">
<html xmlns="http://www.w3.org/1999/xhtml" xml:lang="en" lang="en">
 <head>
  <title>
</title>
<meta http-equiv="Content-Type" content="text/html;charset=utf-8" />
  <meta name='ocr-system' content='tesseract 3.04.00' />
  <meta name='ocr-capabilities' content='ocr_page ocr_carea ocr_par ocr_line ocrx_word'/>
</head>
<body>
  <div class='ocr_page' id='page_1' title='image "./pvergilimaronis02ribbgoog/pvergilimaronis02ribbgoog_0274.png"; bbox 0 0 3230 5046; ppageno 0'>
   <div class='ocr_carea' id='block_1_1' title="bbox 616 390 1310 455">
    <p class='ocr_par' dir='ltr' id='par_1_1' title="bbox 616 390 1310 455">
     <span class='ocr_line' id='line_1_1' title="bbox 616 390 1310 455; baseline 0.006 -5"><span class='ocrx_word' id='word_1_1' title='bbox 616 409 861 452; x_wconf 74' lang='lat' dir='ltr'><strong>anouuoounrm.</strong></span> <span class='ocrx_word' id='word_1_2' title='bbox 1247 390 1310 455; x_wconf 78' lang='lat'><strong>233</strong></span> 
     </span>
    </p>
   </div>
   <div class='ocr_carea' id='block_1_2' title="bbox 113 575 1400 2488">
    <p class='ocr_par' dir='ltr' id='par_1_2' title="bbox 165 575 1311 849">
     <span class='ocr_line' id='line_1_2' title="bbox 165 575 1311 660; baseline 0 -20"><span class='ocrx_word' id='word_1_3' title='bbox 165 579 238 660; x_wconf 87' lang='lat' dir='ltr'><strong>quid</strong></span> <span class='ocrx_word' id='word_1_4' title='bbox 260 579 345 639; x_wconf 89' lang='lat' dir='ltr'><strong>video</strong></span> <span class='ocrx_word' id='word_1_5' title='bbox 368 579 496 640; x_wconf 80' lang='lat' dir='ltr'><strong>maxime</strong></span> <span class='ocrx_word' id='word_1_6' title='bbox 525 575 610 637; x_wconf 85' lang='lat' dir='ltr'><strong>erilis</strong></span> <span class='ocrx_word' id='word_1_7' title='bbox 638 583 668 635; x_wconf 90' lang='lat' dir='ltr'><strong>et</strong></span> <span class='ocrx_word' id='word_1_8' title='bbox 696 576 779 637; x_wconf 90' lang='lat' dir='ltr'><strong>rudis</strong></span> <span class='ocrx_word' id='word_1_9' title='bbox 807 579 923 654; x_wconf 89' lang='lat' dir='ltr'><strong>species</strong></span> <span class='ocrx_word' id='word_1_10' title='bbox 951 585 996 639; x_wconf 91' lang='lat' dir='ltr'><strong>est</strong></span> <span class='ocrx_word' id='word_1_11' title='bbox 1018 580 1162 654; x_wconf 82' lang='lat' dir='ltr'><strong>Medicet‘,</strong></span> <span class='ocrx_word' id='word_1_12' title='bbox 1192 581 1223 639; x_wconf 94' lang='lat' dir='ltr'><strong>in</strong></span> <span class='ocrx_word' id='word_1_13' title='bbox 1252 599 1311 659; x_wconf 78' lang='lat' dir='ltr'><strong>qrro</strong></span> 
     </span>
     <span class='ocr_line' id='line_1_3' title="bbox 166 676 1310 760; baseline -0.001 -19"><span class='ocrx_word' id='word_1_14' title='bbox 166 680 239 742; x_wconf 90' lang='lat' dir='ltr'><strong>adeo</strong></span> <span class='ocrx_word' id='word_1_15' title='bbox 263 688 332 741; x_wconf 90' lang='lat' dir='ltr'><strong>sunt</strong></span> <span class='ocrx_word' id='word_1_16' title='bbox 355 698 430 760; x_wconf 90' lang='lat' dir='ltr'><strong>quae</strong></span> <span class='ocrx_word' id='word_1_17' title='bbox 457 697 472 738; x_wconf 89' lang='lat' dir='ltr'><strong>a</strong></span> <span class='ocrx_word' id='word_1_18' title='bbox 502 676 670 757; x_wconf 87' lang='lat' dir='ltr'><strong>capitalium</strong></span> <span class='ocrx_word' id='word_1_19' title='bbox 698 676 863 738; x_wconf 88' lang='lat' dir='ltr'><strong>litterarum</strong></span> <span class='ocrx_word' id='word_1_20' title='bbox 897 698 1002 740; x_wconf 92' lang='lat' dir='ltr'><strong>norma</strong></span> <span class='ocrx_word' id='word_1_21' title='bbox 1036 681 1129 758; x_wconf 88' lang='lat' dir='ltr'><strong>magis</strong></span> <span class='ocrx_word' id='word_1_22' title='bbox 1162 699 1250 760; x_wconf 92' lang='lat' dir='ltr'><strong>quam</strong></span> <span class='ocrx_word' id='word_1_23' title='bbox 1280 683 1310 740; x_wconf 94' lang='lat' dir='ltr'><strong>in</strong></span> 
     </span>
     <span class='ocr_line' id='line_1_4' title="bbox 166 776 871 849; baseline -0.003 -6"><span class='ocrx_word' id='word_1_24' title='bbox 166 776 274 844; x_wconf 81' lang='lat' dir='ltr'><strong>ceteris</strong></span> <span class='ocrx_word' id='word_1_25' title='bbox 296 781 445 849; x_wconf 78' lang='lat' dir='ltr'>recedant,</span> <span class='ocrx_word' id='word_1_26' title='bbox 470 778 582 840; x_wconf 89' lang='lat' dir='ltr'><strong>scilicet</strong></span> <span class='ocrx_word' id='word_1_27' title='bbox 608 778 724 839; x_wconf 78' lang='lat' dir='ltr'><strong>litterae</strong></span> <span class='ocrx_word' id='word_1_28' title='bbox 747 783 759 840; x_wconf 78' lang='lat' dir='ltr'><strong>a·</strong></span> <span class='ocrx_word' id='word_1_29' title='bbox 778 783 790 840; x_wconf 86' lang='lat' dir='ltr'><strong>l</strong></span> <span class='ocrx_word' id='word_1_30' title='bbox 810 788 821 840; x_wconf 87' lang='lat' dir='ltr'><strong>t</strong></span> <span class='ocrx_word' id='word_1_31' title='bbox 843 799 871 841; x_wconf 86' lang='lat' dir='ltr'><strong>u.</strong></span> 
     </span>
    </p>

    <p class='ocr_par' dir='ltr' id='par_1_3' title="bbox 113 879 1315 2078">
     <span class='ocr_line' id='line_1_5' title="bbox 250 879 1310 962; baseline 0 -17"><span class='ocrx_word' id='word_1_32' title='bbox 250 883 355 945; x_wconf 79' lang='lat' dir='ltr'><strong>Cetera</strong></span> <span class='ocrx_word' id='word_1_33' title='bbox 394 901 431 942; x_wconf 86' lang='lat' dir='ltr'><strong>ex</strong></span> <span class='ocrx_word' id='word_1_34' title='bbox 470 880 577 942; x_wconf 92' lang='lat' dir='ltr'><strong>tabulis</strong></span> <span class='ocrx_word' id='word_1_35' title='bbox 613 879 823 958; x_wconf 88' lang='lat' dir='ltr'><strong>lithographis,</strong></span> <span class='ocrx_word' id='word_1_36' title='bbox 859 881 968 961; x_wconf 90' lang='lat' dir='ltr'><strong>quibus</strong></span> <span class='ocrx_word' id='word_1_37' title='bbox 1002 882 1137 962; x_wconf 83' lang='lat' dir='ltr'><strong>exempla</strong></span> <span class='ocrx_word' id='word_1_38' title='bbox 1173 883 1310 945; x_wconf 90' lang='lat' dir='ltr'><strong>codicum</strong></span> 
     </span>
     <span class='ocr_line' id='line_1_6' title="bbox 165 981 1313 1065; baseline 0.001 -20"><span class='ocrx_word' id='word_1_39' title='bbox 165 987 315 1065; x_wconf 89' lang='lat' dir='ltr'><strong>proposita</strong></span> <span class='ocrx_word' id='word_1_40' title='bbox 339 992 417 1052; x_wconf 90' lang='lat' dir='ltr'><strong>sunt,</strong></span> <span class='ocrx_word' id='word_1_41' title='bbox 441 989 668 1061; x_wconf 88' lang='lat' dir='ltr'><strong>coguoscentur.</strong></span> <span class='ocrx_word' id='word_1_42' title='bbox 713 981 825 1042; x_wconf 92' lang='lat' dir='ltr'><strong>Similia</strong></span> <span class='ocrx_word' id='word_1_43' title='bbox 848 989 947 1043; x_wconf 87' lang='lat' dir='ltr'><strong>autern</strong></span> <span class='ocrx_word' id='word_1_44' title='bbox 970 983 1103 1044; x_wconf 90' lang='lat' dir='ltr'><strong>Palatino</strong></span> <span class='ocrx_word' id='word_1_45' title='bbox 1127 991 1156 1045; x_wconf 88' lang='lat' dir='ltr'><strong>ot</strong></span> <span class='ocrx_word' id='word_1_46' title='bbox 1178 984 1313 1046; x_wconf 88' lang='lat' dir='ltr'><strong>Romano</strong></span> 
     </span>
     <span class='ocr_line' id='line_1_7' title="bbox 165 1081 1314 1166; baseline 0.002 -20"><span class='ocrx_word' id='word_1_47' title='bbox 165 1093 285 1166; x_wconf 89' lang='lat' dir='ltr'><strong>praeter</strong></span> <span class='ocrx_word' id='word_1_48' title='bbox 300 1085 493 1146; x_wconf 87' lang='lat' dir='ltr'><strong>Prudentium</strong></span> <span class='ocrx_word' id='word_1_49' title='bbox 516 1101 604 1162; x_wconf 91' lang='lat' dir='ltr'><strong>supra</strong></span> <span class='ocrx_word' id='word_1_50' title='bbox 628 1081 778 1143; x_wconf 92' lang='lat' dir='ltr'><strong>laudatum</strong></span> <span class='ocrx_word' id='word_1_51' title='bbox 795 1086 921 1144; x_wconf 77' lang='lat' dir='ltr'><strong>maxime</strong></span> <span class='ocrx_word' id='word_1_52' title='bbox 936 1084 1061 1145; x_wconf 81' lang='lat' dir='ltr'><strong>dixerim</strong></span> <span class='ocrx_word' id='word_1_53' title='bbox 1079 1085 1211 1146; x_wconf 79' lang='lat' dir='ltr'><strong>Sallustii</strong></span> <span class='ocrx_word' id='word_1_54' title='bbox 1234 1088 1314 1166; x_wconf 90' lang='lat' dir='ltr'><strong>lrag·</strong></span> 
     </span>
     <span class='ocr_line' id='line_1_8' title="bbox 166 1183 1312 1255; baseline 0.001 -7"><span class='ocrx_word' id='word_1_55' title='bbox 166 1196 300 1248; x_wconf 91' lang='lat' dir='ltr'><strong>mentum</strong></span> <span class='ocrx_word' id='word_1_56' title='bbox 323 1185 508 1255; x_wconf 86' lang='lat' dir='ltr'><strong>Toletanum,</strong></span> <span class='ocrx_word' id='word_1_57' title='bbox 538 1203 616 1246; x_wconf 89' lang='lat' dir='ltr'><strong>nuno</strong></span> <span class='ocrx_word' id='word_1_58' title='bbox 638 1183 842 1255; x_wconf 79' lang='lat' dir='ltr'><strong>berolinensa,</strong></span> <span class='ocrx_word' id='word_1_59' title='bbox 867 1192 896 1244; x_wconf 89' lang='lat' dir='ltr'><strong>et</strong></span> <span class='ocrx_word' id='word_1_60' title='bbox 918 1186 1120 1246; x_wconf 87' lang='lat' dir='ltr'><strong>Taurinensas</strong></span> <span class='ocrx_word' id='word_1_61' title='bbox 1143 1188 1312 1249; x_wconf 85' lang='lat' dir='ltr'><strong>Ciceronia-</strong></span> 
     </span>
     <span class='ocr_line' id='line_1_9' title="bbox 167 1285 1313 1368; baseline 0.001 -18"><span class='ocrx_word' id='word_1_62' title='bbox 167 1308 272 1350; x_wconf 91' lang='lat' dir='ltr'><strong>narum</strong></span> <span class='ocrx_word' id='word_1_63' title='bbox 295 1291 326 1348; x_wconf 96' lang='lat' dir='ltr'><strong>in</strong></span> <span class='ocrx_word' id='word_1_64' title='bbox 348 1289 487 1349; x_wconf 85' lang='lat' dir='ltr'><strong>Pisonem</strong></span> <span class='ocrx_word' id='word_1_65' title='bbox 510 1295 539 1348; x_wconf 90' lang='lat' dir='ltr'><strong>et</strong></span> <span class='ocrx_word' id='word_1_66' title='bbox 559 1305 615 1365; x_wconf 89' lang='lat' dir='ltr'><strong>pro</strong></span> <span class='ocrx_word' id='word_1_67' title='bbox 638 1285 735 1346; x_wconf 89' lang='lat' dir='ltr'><strong>Tullio</strong></span> <span class='ocrx_word' id='word_1_68' title='bbox 759 1286 883 1348; x_wconf 78' lang='lat' dir='ltr'><strong>schedas</strong></span> <span class='ocrx_word' id='word_1_69' title='bbox 911 1286 1012 1366; x_wconf 84' lang='lat' dir='ltr'><strong>quales</strong></span> <span class='ocrx_word' id='word_1_70' title='bbox 1035 1289 1152 1368; x_wconf 81' lang='lat' dir='ltr'><strong>Peyron</strong></span> <span class='ocrx_word' id='word_1_71' title='bbox 1180 1289 1313 1351; x_wconf 89' lang='lat' dir='ltr'><strong>imitatus</strong></span> 
     </span>
     <span class='ocr_line' id='line_1_10' title="bbox 167 1387 1315 1468; baseline 0 -18"><span class='ocrx_word' id='word_1_72' title='bbox 167 1391 303 1459; x_wconf 76' lang='lat' dir='ltr'><strong>estnisi</strong></span> <span class='ocrx_word' id='word_1_73' title='bbox 328 1389 406 1466; x_wconf 87' lang='lat' dir='ltr'><strong>quod</strong></span> <span class='ocrx_word' id='word_1_74' title='bbox 429 1391 460 1448; x_wconf 90' lang='lat' dir='ltr'><strong>in</strong></span> <span class='ocrx_word' id='word_1_75' title='bbox 483 1396 610 1468; x_wconf 89' lang='lat' dir='ltr'><strong>utroque</strong></span> <span class='ocrx_word' id='word_1_76' title='bbox 632 1387 735 1448; x_wconf 89' lang='lat' dir='ltr'><strong>codice</strong></span> <span class='ocrx_word' id='word_1_77' title='bbox 758 1387 866 1448; x_wconf 84' lang='lat' dir='ltr'><strong>vocalis</strong></span> <span class='ocrx_word' id='word_1_78' title='bbox 888 1389 913 1449; x_wconf 94' lang='lat' dir='ltr'><strong>U</strong></span> <span class='ocrx_word' id='word_1_79' title='bbox 935 1389 1029 1449; x_wconf 89' lang='lat' dir='ltr'><strong>lorma</strong></span> <span class='ocrx_word' id='word_1_80' title='bbox 1053 1408 1114 1450; x_wconf 91' lang='lat' dir='ltr'><strong>non</strong></span> <span class='ocrx_word' id='word_1_81' title='bbox 1137 1390 1263 1451; x_wconf 80' lang='lat' dir='ltr'><strong>Palatini</strong></span> <span class='ocrx_word' id='word_1_82' title='bbox 1286 1399 1315 1450; x_wconf 93' lang='lat' dir='ltr'><strong>et</strong></span> 
     </span>
     <span class='ocr_line' id='line_1_11' title="bbox 165 1481 1313 1567; baseline 0 -15"><span class='ocrx_word' id='word_1_83' title='bbox 165 1492 301 1561; x_wconf 85' lang='lat' dir='ltr'><strong>Romani,</strong></span> <span class='ocrx_word' id='word_1_84' title='bbox 332 1491 383 1552; x_wconf 92' lang='lat' dir='ltr'><strong>sed</strong></span> <span class='ocrx_word' id='word_1_85' title='bbox 407 1489 612 1550; x_wconf 88' lang='lat' dir='ltr'><strong>Vaticanarum</strong></span> <span class='ocrx_word' id='word_1_86' title='bbox 635 1489 755 1567; x_wconf 79' lang='lat' dir='ltr'><strong>Vergilii</strong></span> <span class='ocrx_word' id='word_1_87' title='bbox 783 1481 961 1550; x_wconf 82' lang='lat' dir='ltr'><strong>schedarum</strong></span> <span class='ocrx_word' id='word_1_88' title='bbox 991 1490 1235 1552; x_wconf 87' lang='lat' dir='ltr'><strong>consuetudinem</strong></span> <span class='ocrx_word' id='word_1_89' title='bbox 1266 1511 1313 1552; x_wconf 88' lang='lat' dir='ltr'><strong>se-</strong></span> 
     </span>
     <span class='ocr_line' id='line_1_12' title="bbox 169 1591 1314 1670; baseline -0.002 -16"><span class='ocrx_word' id='word_1_90' title='bbox 169 1595 277 1670; x_wconf 90' lang='lat' dir='ltr'><strong>quitur.</strong></span> <span class='ocrx_word' id='word_1_91' title='bbox 324 1593 398 1652; x_wconf 90' lang='lat' dir='ltr'><strong>ltem</strong></span> <span class='ocrx_word' id='word_1_92' title='bbox 422 1591 537 1653; x_wconf 89' lang='lat' dir='ltr'><strong>medius</strong></span> <span class='ocrx_word' id='word_1_93' title='bbox 558 1593 637 1652; x_wconf 89' lang='lat' dir='ltr'><strong>inter</strong></span> <span class='ocrx_word' id='word_1_94' title='bbox 666 1591 719 1652; x_wconf 91' lang='lat' dir='ltr'><strong>has</strong></span> <span class='ocrx_word' id='word_1_95' title='bbox 743 1598 772 1651; x_wconf 89' lang='lat' dir='ltr'><strong>et</strong></span> <span class='ocrx_word' id='word_1_96' title='bbox 793 1591 860 1652; x_wconf 88' lang='lat' dir='ltr'><strong>illos</strong></span> <span class='ocrx_word' id='word_1_97' title='bbox 882 1591 999 1652; x_wconf 87' lang='lat' dir='ltr'><strong>videtur</strong></span> <span class='ocrx_word' id='word_1_98' title='bbox 1022 1591 1177 1653; x_wconf 86' lang='lat' dir='ltr'><strong>Sallustius</strong></span> <span class='ocrx_word' id='word_1_99' title='bbox 1199 1594 1314 1654; x_wconf 89' lang='lat' dir='ltr'><strong>Vatica-</strong></span> 
     </span>
     <span class='ocr_line' id='line_1_13' title="bbox 168 1691 1312 1774; baseline -0.001 -18"><span class='ocrx_word' id='word_1_100' title='bbox 168 1715 226 1756; x_wconf 87' lang='lat' dir='ltr'><strong>nus</strong></span> <span class='ocrx_word' id='word_1_101' title='bbox 247 1695 426 1772; x_wconf 85' lang='lat' dir='ltr'><strong>resoriptus.</strong></span> <span class='ocrx_word' id='word_1_102' title='bbox 462 1695 510 1753; x_wconf 87' lang='lat' dir='ltr'><strong>cui</strong></span> <span class='ocrx_word' id='word_1_103' title='bbox 538 1692 680 1771; x_wconf 89' lang='lat' dir='ltr'><strong>adiungas</strong></span> <span class='ocrx_word' id='word_1_104' title='bbox 702 1691 893 1755; x_wconf 90' lang='lat' dir='ltr'><strong>Verrinarum</strong></span> <span class='ocrx_word' id='word_1_105' title='bbox 917 1693 1069 1754; x_wconf 81' lang='lat' dir='ltr'><strong>Ciceronis</strong></span> <span class='ocrx_word' id='word_1_106' title='bbox 1098 1693 1230 1755; x_wconf 85' lang='lat' dir='ltr'><strong>codicem</strong></span> <span class='ocrx_word' id='word_1_107' title='bbox 1261 1713 1312 1774; x_wconf 90' lang='lat' dir='ltr'><strong>pa·</strong></span> 
     </span>
     <span class='ocr_line' id='line_1_14' title="bbox 167 1793 1314 1876; baseline 0 -20"><span class='ocrx_word' id='word_1_108' title='bbox 167 1797 371 1876; x_wconf 88' lang='lat' dir='ltr'><strong>limpsestum,</strong></span> <span class='ocrx_word' id='word_1_109' title='bbox 405 1794 500 1855; x_wconf 86' lang='lat' dir='ltr'><strong>Plauti</strong></span> <span class='ocrx_word' id='word_1_110' title='bbox 532 1794 780 1864; x_wconf 76' lang='lat' dir='ltr'><strong>Ambrosianum,</strong></span> <span class='ocrx_word' id='word_1_111' title='bbox 816 1793 995 1856; x_wconf 89' lang='lat' dir='ltr'><strong>Bembinum</strong></span> <span class='ocrx_word' id='word_1_112' title='bbox 1029 1796 1171 1857; x_wconf 87' lang='lat' dir='ltr'><strong>Terentii.</strong></span> <span class='ocrx_word' id='word_1_113' title='bbox 1233 1797 1314 1856; x_wconf 90' lang='lat' dir='ltr'><strong>lnter</strong></span> 
     </span>
     <span class='ocr_line' id='line_1_15' title="bbox 166 1895 1313 1977; baseline 0 -19"><span class='ocrx_word' id='word_1_114' title='bbox 166 1899 321 1958; x_wconf 80' lang='lat' dir='ltr'><strong>Vaticanus</strong></span> <span class='ocrx_word' id='word_1_115' title='bbox 343 1897 588 1975; x_wconf 89' lang='lat' dir='ltr'><strong>Veronensesque</strong></span> <span class='ocrx_word' id='word_1_116' title='bbox 610 1895 732 1973; x_wconf 82' lang='lat' dir='ltr'><strong>Vergilii</strong></span> <span class='ocrx_word' id='word_1_117' title='bbox 761 1895 885 1956; x_wconf 87' lang='lat' dir='ltr'><strong>schedas</strong></span> <span class='ocrx_word' id='word_1_118' title='bbox 913 1904 942 1956; x_wconf 91' lang='lat' dir='ltr'><strong>et</strong></span> <span class='ocrx_word' id='word_1_119' title='bbox 964 1897 1128 1960; x_wconf 88' lang='lat' dir='ltr'><strong>Mediceum</strong></span> <span class='ocrx_word' id='word_1_120' title='bbox 1161 1899 1313 1977; x_wconf 86' lang='lat' dir='ltr'><strong>posuerim</strong></span> 
     </span>
     <span class='ocr_line' id='line_1_16' title="bbox 113 1997 917 2078; baseline -0.01 -14"><span class='ocrx_word' id='word_1_121' title='bbox 113 2060 115 2064; x_wconf 16' lang='lat' dir='ltr'><strong>a</strong></span> <span class='ocrx_word' id='word_1_122' title='bbox 165 1998 356 2078; x_wconf 85' lang='lat' dir='ltr'><strong>palimpsesto</strong></span> <span class='ocrx_word' id='word_1_123' title='bbox 379 1999 516 2059; x_wconf 87' lang='lat' dir='ltr'><strong>Vaticana</strong></span> <span class='ocrx_word' id='word_1_124' title='bbox 540 1997 652 2057; x_wconf 89' lang='lat' dir='ltr'><strong>Lucani</strong></span> <span class='ocrx_word' id='word_1_125' title='bbox 676 2005 705 2056; x_wconf 88' lang='lat' dir='ltr'><strong>et</strong></span> <span class='ocrx_word' id='word_1_126' title='bbox 726 1997 810 2058; x_wconf 84' lang='lat' dir='ltr'><strong>Livii.</strong></span> <span class='ocrx_word' id='word_1_127' title='bbox 912 2049 917 2056; x_wconf 92' lang='lat'>.</span> 
     </span>
    </p>

    <p class='ocr_par' dir='ltr' id='par_1_4' title="bbox 166 2099 1400 2488">
     <span class='ocr_line' id='line_1_17' title="bbox 252 2099 1314 2179; baseline -0.002 -19"><span class='ocrx_word' id='word_1_128' title='bbox 252 2100 310 2161; x_wconf 90' lang='lat' dir='ltr'><strong>Sed</strong></span> <span class='ocrx_word' id='word_1_129' title='bbox 341 2101 371 2160; x_wconf 94' lang='lat' dir='ltr'><strong>hi</strong></span> <span class='ocrx_word' id='word_1_130' title='bbox 405 2099 523 2160; x_wconf 87' lang='lat' dir='ltr'><strong>codices</strong></span> <span class='ocrx_word' id='word_1_131' title='bbox 557 2116 661 2158; x_wconf 90' lang='lat' dir='ltr'><strong>omues</strong></span> <span class='ocrx_word' id='word_1_132' title='bbox 695 2115 762 2158; x_wconf 88' lang='lat' dir='ltr'><strong>oum</strong></span> <span class='ocrx_word' id='word_1_133' title='bbox 795 2107 875 2160; x_wconf 89' lang='lat' dir='ltr'><strong>certa</strong></span> <span class='ocrx_word' id='word_1_134' title='bbox 904 2101 1049 2179; x_wconf 91' lang='lat' dir='ltr'><strong>temporis</strong></span> <span class='ocrx_word' id='word_1_135' title='bbox 1077 2110 1145 2160; x_wconf 91' lang='lat' dir='ltr'><strong>nota</strong></span> <span class='ocrx_word' id='word_1_136' title='bbox 1180 2106 1314 2168; x_wconf 85' lang='lat' dir='ltr'><strong>careant,</strong></span> 
     </span>
     <span class='ocr_line' id='line_1_18' title="bbox 166 2200 1312 2269; baseline -0.002 -6"><span class='ocrx_word' id='word_1_137' title='bbox 166 2202 357 2263; x_wconf 91' lang='lat' dir='ltr'><strong>librariorum</strong></span> <span class='ocrx_word' id='word_1_138' title='bbox 380 2201 466 2262; x_wconf 92' lang='lat' dir='ltr'><strong>nohis</strong></span> <span class='ocrx_word' id='word_1_139' title='bbox 489 2206 601 2269; x_wconf 89' lang='lat' dir='ltr'><strong>sectas,</strong></span> <span class='ocrx_word' id='word_1_140' title='bbox 631 2217 690 2259; x_wconf 91' lang='lat' dir='ltr'><strong>nou</strong></span> <span class='ocrx_word' id='word_1_141' title='bbox 714 2206 796 2260; x_wconf 89' lang='lat' dir='ltr'><strong>certa</strong></span> <span class='ocrx_word' id='word_1_142' title='bbox 819 2203 923 2261; x_wconf 87' lang='lat' dir='ltr'><strong>aetatis</strong></span> <span class='ocrx_word' id='word_1_143' title='bbox 950 2201 1122 2262; x_wconf 87' lang='lat' dir='ltr'><strong>discrimina</strong></span> <span class='ocrx_word' id='word_1_144' title='bbox 1145 2200 1312 2262; x_wconf 87' lang='lat' dir='ltr'><strong>litterarum</strong></span> 
     </span>
     <span class='ocr_line' id='line_1_19' title="bbox 166 2301 1314 2382; baseline 0 -18"><span class='ocrx_word' id='word_1_145' title='bbox 166 2304 351 2364; x_wconf 85' lang='lat' dir='ltr'><strong>diversitates</strong></span> <span class='ocrx_word' id='word_1_146' title='bbox 372 2303 514 2363; x_wconf 90' lang='lat' dir='ltr'><strong>indicant.</strong></span> <span class='ocrx_word' id='word_1_147' title='bbox 546 2301 653 2362; x_wconf 92' lang='lat' dir='ltr'><strong>Verum</strong></span> <span class='ocrx_word' id='word_1_148' title='bbox 674 2309 722 2362; x_wconf 89' lang='lat' dir='ltr'><strong>est</strong></span> <span class='ocrx_word' id='word_1_149' title='bbox 743 2301 908 2380; x_wconf 83' lang='lat' dir='ltr'><strong>singulares</strong></span> <span class='ocrx_word' id='word_1_150' title='bbox 931 2309 1054 2382; x_wconf 91' lang='lat' dir='ltr'><strong>propter</strong></span> <span class='ocrx_word' id='word_1_151' title='bbox 1079 2301 1314 2380; x_wconf 79' lang='lat' dir='ltr'><strong>magnitudinem</strong></span> 
     </span>
     <span class='ocr_line' id='line_1_20' title="bbox 166 2403 1400 2488; baseline 0 -24"><span class='ocrx_word' id='word_1_152' title='bbox 166 2407 281 2466; x_wconf 90' lang='lat' dir='ltr'><strong>lormae</strong></span> <span class='ocrx_word' id='word_1_153' title='bbox 304 2413 333 2464; x_wconf 91' lang='lat' dir='ltr'><strong>ot</strong></span> <span class='ocrx_word' id='word_1_154' title='bbox 356 2404 517 2484; x_wconf 87' lang='lat' dir='ltr'><strong>quadratae</strong></span> <span class='ocrx_word' id='word_1_155' title='bbox 540 2405 707 2482; x_wconf 88' lang='lat' dir='ltr'><strong>scripturae</strong></span> <span class='ocrx_word' id='word_1_156' title='bbox 729 2403 931 2480; x_wconf 85' lang='lat' dir='ltr'><strong>integritatem</strong></span> <span class='ocrx_word' id='word_1_157' title='bbox 956 2422 1021 2464; x_wconf 89' lang='lat' dir='ltr'><strong>esse</strong></span> <span class='ocrx_word' id='word_1_158' title='bbox 1043 2403 1169 2464; x_wconf 86' lang='lat' dir='ltr'><strong>schedas</strong></span> <span class='ocrx_word' id='word_1_159' title='bbox 1191 2406 1263 2463; x_wconf 81' lang='lat' dir='ltr'><strong>Aet</strong></span> <span class='ocrx_word' id='word_1_160' title='bbox 1279 2405 1314 2472; x_wconf 86' lang='lat' dir='ltr'><strong>G,</strong></span> <span class='ocrx_word' id='word_1_161' title='bbox 1399 2483 1400 2488; x_wconf 8' lang='grc' dir='ltr'>ἵ</span> 
     </span>
    </p>
   </div>
   <div class='ocr_carea' id='block_1_3' title="bbox 164 2505 1315 3091">
    <p class='ocr_par' dir='ltr' id='par_1_5' title="bbox 164 2505 1315 3091">
     <span class='ocr_line' id='line_1_21' title="bbox 169 2505 1314 2590; baseline -0.002 -24"><span class='ocrx_word' id='word_1_162' title='bbox 169 2506 221 2566; x_wconf 89' lang='lat' dir='ltr'><strong>sed</strong></span> <span class='ocrx_word' id='word_1_163' title='bbox 246 2525 283 2566; x_wconf 89' lang='lat' dir='ltr'><strong>ne</strong></span> <span class='ocrx_word' id='word_1_164' title='bbox 306 2505 375 2566; x_wconf 91' lang='lat' dir='ltr'><strong>huio</strong></span> <span class='ocrx_word' id='word_1_165' title='bbox 398 2505 517 2582; x_wconf 89' lang='lat' dir='ltr'><strong>quidem</strong></span> <span class='ocrx_word' id='word_1_166' title='bbox 533 2505 732 2584; x_wconf 88' lang='lat' dir='ltr'><strong>praestantiae</strong></span> <span class='ocrx_word' id='word_1_167' title='bbox 753 2512 865 2565; x_wconf 92' lang='lat' dir='ltr'><strong>tantum</strong></span> <span class='ocrx_word' id='word_1_168' title='bbox 888 2505 1055 2573; x_wconf 89' lang='lat' dir='ltr'><strong>tribuerim,</strong></span> <span class='ocrx_word' id='word_1_169' title='bbox 1078 2511 1112 2565; x_wconf 95' lang='lat' dir='ltr'><strong>ut</strong></span> <span class='ocrx_word' id='word_1_170' title='bbox 1134 2505 1243 2590; x_wconf 82' lang='lat' dir='ltr'><strong>ceteris</strong></span> <span class='ocrx_word' id='word_1_171' title='bbox 1266 2523 1314 2564; x_wconf 91' lang='lat' dir='ltr'><strong>ve·</strong></span> 
     </span>
     <span class='ocr_line' id='line_1_22' title="bbox 169 2605 1315 2685; baseline -0.002 -17"><span class='ocrx_word' id='word_1_172' title='bbox 169 2609 311 2668; x_wconf 90' lang='lat' dir='ltr'><strong>tustiores</strong></span> <span class='ocrx_word' id='word_1_173' title='bbox 334 2624 400 2666; x_wconf 84' lang='lat' dir='ltr'><strong>esse</strong></span> <span class='ocrx_word' id='word_1_174' title='bbox 424 2605 594 2666; x_wconf 90' lang='lat' dir='ltr'><strong>concedam.</strong></span> <span class='ocrx_word' id='word_1_175' title='bbox 627 2605 764 2666; x_wconf 86' lang='lat' dir='ltr'><strong>Concedo</strong></span> <span class='ocrx_word' id='word_1_176' title='bbox 780 2606 1049 2683; x_wconf 81' lang='lat' dir='ltr'><strong>magnificentiores</strong></span> <span class='ocrx_word' id='word_1_177' title='bbox 1072 2613 1101 2666; x_wconf 89' lang='lat' dir='ltr'><strong>et</strong></span> <span class='ocrx_word' id='word_1_178' title='bbox 1123 2607 1315 2685; x_wconf 89' lang='lat' dir='ltr'><strong>pretiosiores</strong></span> 
     </span>
     <span class='ocr_line' id='line_1_23' title="bbox 170 2706 1315 2794; baseline -0.002 -24"><span class='ocrx_word' id='word_1_179' title='bbox 170 2729 246 2779; x_wconf 86' lang='lat' dir='ltr'><strong>esse,</strong></span> <span class='ocrx_word' id='word_1_180' title='bbox 270 2708 321 2770; x_wconf 89' lang='lat' dir='ltr'><strong>sed</strong></span> <span class='ocrx_word' id='word_1_181' title='bbox 345 2707 448 2794; x_wconf 87' lang='lat' dir='ltr'><strong>quales</strong></span> <span class='ocrx_word' id='word_1_182' title='bbox 470 2707 516 2767; x_wconf 90' lang='lat' dir='ltr'><strong>vel</strong></span> <span class='ocrx_word' id='word_1_183' title='bbox 538 2715 606 2786; x_wconf 93' lang='lat' dir='ltr'><strong>post</strong></span> <span class='ocrx_word' id='word_1_184' title='bbox 627 2709 755 2786; x_wconf 89' lang='lat' dir='ltr'><strong>primum</strong></span> <span class='ocrx_word' id='word_1_185' title='bbox 779 2706 931 2767; x_wconf 89' lang='lat' dir='ltr'><strong>saeculnm</strong></span> <span class='ocrx_word' id='word_1_186' title='bbox 955 2706 1095 2783; x_wconf 91' lang='lat' dir='ltr'><strong>opulento</strong></span> <span class='ocrx_word' id='word_1_187' title='bbox 1118 2708 1240 2779; x_wconf 93' lang='lat' dir='ltr'><strong>homini,</strong></span> <span class='ocrx_word' id='word_1_188' title='bbox 1265 2709 1315 2788; x_wconf 85' lang='lat' dir='ltr'><strong>qui</strong></span> 
     </span>
     <span class='ocr_line' id='line_1_24' title="bbox 167 2808 1315 2888; baseline -0.001 -18"><span class='ocrx_word' id='word_1_189' title='bbox 167 2820 197 2871; x_wconf 91' lang='lat' dir='ltr'><strong>et</strong></span> <span class='ocrx_word' id='word_1_190' title='bbox 220 2809 413 2870; x_wconf 88' lang='lat' dir='ltr'><strong>membranas</strong></span> <span class='ocrx_word' id='word_1_191' title='bbox 436 2808 635 2886; x_wconf 90' lang='lat' dir='ltr'><strong>amplissimas</strong></span> <span class='ocrx_word' id='word_1_192' title='bbox 658 2817 687 2868; x_wconf 92' lang='lat' dir='ltr'><strong>et</strong></span> <span class='ocrx_word' id='word_1_193' title='bbox 710 2808 851 2887; x_wconf 89' lang='lat' dir='ltr'><strong>pingendi</strong></span> <span class='ocrx_word' id='word_1_194' title='bbox 874 2808 1002 2868; x_wconf 85' lang='lat' dir='ltr'><strong>artifices</strong></span> <span class='ocrx_word' id='word_1_195' title='bbox 1024 2811 1122 2886; x_wconf 90' lang='lat' dir='ltr'><strong>pretio</strong></span> <span class='ocrx_word' id='word_1_196' title='bbox 1137 2808 1193 2868; x_wconf 93' lang='lat' dir='ltr'><strong>sibi</strong></span> <span class='ocrx_word' id='word_1_197' title='bbox 1208 2828 1315 2888; x_wconf 90' lang='lat' dir='ltr'><strong>parare</strong></span> 
     </span>
     <span class='ocr_line' id='line_1_25' title="bbox 164 2909 1314 2996; baseline -0.002 -24"><span class='ocrx_word' id='word_1_198' title='bbox 164 2919 276 2992; x_wconf 89' lang='lat' dir='ltr'><strong>posset,</strong></span> <span class='ocrx_word' id='word_1_199' title='bbox 309 2911 423 2972; x_wconf 92' lang='lat' dir='ltr'><strong>librarii</strong></span> <span class='ocrx_word' id='word_1_200' title='bbox 445 2909 532 2996; x_wconf 79' lang='lat' dir='ltr'><strong>lacile</strong></span> <span class='ocrx_word' id='word_1_201' title='bbox 555 2909 696 2987; x_wconf 88' lang='lat' dir='ltr'><strong>ellingere</strong></span> <span class='ocrx_word' id='word_1_202' title='bbox 719 2909 878 2988; x_wconf 87' lang='lat' dir='ltr'><strong>potuerint.</strong></span> <span class='ocrx_word' id='word_1_203' title='bbox 928 2909 1040 2969; x_wconf 84' lang='lat' dir='ltr'><strong>Omnes</strong></span> <span class='ocrx_word' id='word_1_204' title='bbox 1067 2917 1166 2969; x_wconf 73' lang='lat' dir='ltr'><strong>aute‘m</strong></span> <span class='ocrx_word' id='word_1_205' title='bbox 1196 2910 1314 2971; x_wconf 91' lang='lat' dir='ltr'><strong>codices</strong></span> 
     </span>
     <span class='ocr_line' id='line_1_26' title="bbox 169 3009 1315 3091; baseline -0.002 -18"><span class='ocrx_word' id='word_1_206' title='bbox 169 3020 297 3082; x_wconf 90' lang='lat' dir='ltr'><strong>nostros,</strong></span> <span class='ocrx_word' id='word_1_207' title='bbox 321 3011 541 3091; x_wconf 88' lang='lat' dir='ltr'><strong>pulcherrimos</strong></span> <span class='ocrx_word' id='word_1_208' title='bbox 557 3011 654 3080; x_wconf 88' lang='lat' dir='ltr'><strong>etiam,</strong></span> <span class='ocrx_word' id='word_1_209' title='bbox 678 3009 789 3070; x_wconf 89' lang='lat' dir='ltr'><strong>ultimis</strong></span> <span class='ocrx_word' id='word_1_210' title='bbox 803 3012 922 3089; x_wconf 92' lang='lat' dir='ltr'><strong>imperii</strong></span> <span class='ocrx_word' id='word_1_211' title='bbox 937 3010 1063 3071; x_wconf 88' lang='lat' dir='ltr'><strong>Romani</strong></span> <span class='ocrx_word' id='word_1_212' title='bbox 1079 3010 1205 3072; x_wconf 90' lang='lat' dir='ltr'><strong>saeculis</strong></span> <span class='ocrx_word' id='word_1_213' title='bbox 1221 3010 1315 3071; x_wconf 90' lang='lat' dir='ltr'><strong>multo</strong></span> 
     </span>
    </p>
   </div>
   <div class='ocr_carea' id='block_1_4' title="bbox 80 3111 1365 4101">
    <p class='ocr_par' dir='ltr' id='par_1_6' title="bbox 80 3111 1365 3899">
     <span class='ocr_line' id='line_1_27' title="bbox 168 3111 1314 3192; baseline -0.004 -17"><span class='ocrx_word' id='word_1_214' title='bbox 168 3115 281 3175; x_wconf 87' lang='lat' dir='ltr'><strong>rectius</strong></span> <span class='ocrx_word' id='word_1_215' title='bbox 304 3131 391 3192; x_wconf 88' lang='lat' dir='ltr'><strong>quam</strong></span> <span class='ocrx_word' id='word_1_216' title='bbox 416 3111 459 3174; x_wconf 88' lang='lat' dir='ltr'><strong>vel</strong></span> <span class='ocrx_word' id='word_1_217' title='bbox 482 3112 649 3189; x_wconf 84' lang='lat' dir='ltr'><strong>Augusteae</strong></span> <span class='ocrx_word' id='word_1_218' title='bbox 672 3113 775 3172; x_wconf 92' lang='lat' dir='ltr'><strong>aetatis</strong></span> <span class='ocrx_word' id='word_1_219' title='bbox 802 3111 965 3190; x_wconf 77' lang='lat' dir='ltr'><strong>elegantiae</strong></span> <span class='ocrx_word' id='word_1_220' title='bbox 994 3111 1040 3172; x_wconf 92' lang='lat' dir='ltr'><strong>vel</strong></span> <span class='ocrx_word' id='word_1_221' title='bbox 1062 3111 1203 3172; x_wconf 90' lang='lat' dir='ltr'><strong>Hadriani</strong></span> <span class='ocrx_word' id='word_1_222' title='bbox 1224 3112 1314 3172; x_wconf 81' lang='lat' dir='ltr'><strong>Anto·</strong></span> 
     </span>
     <span class='ocr_line' id='line_1_28' title="bbox 129 3212 1316 3293; baseline -0.003 -17"><span class='ocrx_word' id='word_1_223' title='bbox 129 3273 137 3282; x_wconf 84' lang='grc'><strong>,</strong></span> <span class='ocrx_word' id='word_1_224' title='bbox 166 3217 369 3292; x_wconf 83' lang='lat' dir='ltr'><strong>ninorum&#39;que</strong></span> <span class='ocrx_word' id='word_1_225' title='bbox 384 3213 569 3293; x_wconf 90' lang='lat' dir='ltr'><strong>temporibus</strong></span> <span class='ocrx_word' id='word_1_226' title='bbox 585 3212 755 3274; x_wconf 91' lang='lat' dir='ltr'><strong>cultissimis</strong></span> <span class='ocrx_word' id='word_1_227' title='bbox 770 3213 863 3273; x_wconf 89' lang='lat' dir='ltr'><strong>tribui</strong></span> <span class='ocrx_word' id='word_1_228' title='bbox 883 3215 957 3292; x_wconf 89' lang='lat' dir='ltr'><strong>ipsis</strong></span> <span class='ocrx_word' id='word_1_229' title='bbox 981 3212 1138 3274; x_wconf 86' lang='lat' dir='ltr'><strong>verborum</strong></span> <span class='ocrx_word' id='word_1_230' title='bbox 1159 3213 1262 3274; x_wconf 89' lang='lat' dir='ltr'><strong>lormis</strong></span> <span class='ocrx_word' id='word_1_231' title='bbox 1286 3221 1316 3272; x_wconf 89' lang='lat' dir='ltr'><strong>et</strong></span> 
     </span>
     <span class='ocr_line' id='line_1_29' title="bbox 165 3305 1314 3396; baseline -0.003 -19"><span class='ocrx_word' id='word_1_232' title='bbox 165 3314 348 3396; x_wconf 88' lang='lat' dir='ltr'><strong>corruptelis</strong></span> <span class='ocrx_word' id='word_1_233' title='bbox 371 3315 617 3394; x_wconf 86' lang='lat' dir='ltr'><strong>satisprobator,</strong></span> <span class='ocrx_word' id='word_1_234' title='bbox 642 3305 716 3391; x_wconf 87' lang='lat' dir='ltr'><strong>quae</strong></span> <span class='ocrx_word' id='word_1_235' title='bbox 738 3316 846 3393; x_wconf 91' lang='lat' dir='ltr'><strong>partim</strong></span> <span class='ocrx_word' id='word_1_236' title='bbox 868 3313 1082 3393; x_wconf 89' lang='lat' dir='ltr'><strong>pronuntiandi</strong></span> <span class='ocrx_word' id='word_1_237' title='bbox 1097 3312 1192 3392; x_wconf 87' lang='lat' dir='ltr'><strong>qualis</strong></span> <span class='ocrx_word' id='word_1_238' title='bbox 1215 3315 1314 3394; x_wconf 88' lang='lat' dir='ltr'><strong>sequi-</strong></span> 
     </span>
     <span class='ocr_line' id='line_1_30' title="bbox 166 3414 1314 3494; baseline -0.003 -16"><span class='ocrx_word' id='word_1_239' title='bbox 166 3417 271 3478; x_wconf 92' lang='lat' dir='ltr'><strong>oribus</strong></span> <span class='ocrx_word' id='word_1_240' title='bbox 293 3417 420 3478; x_wconf 89' lang='lat' dir='ltr'><strong>saeculis</strong></span> <span class='ocrx_word' id='word_1_241' title='bbox 442 3415 601 3494; x_wconf 86' lang='lat' dir='ltr'><strong>ingruebat</strong></span> <span class='ocrx_word' id='word_1_242' title='bbox 622 3414 790 3476; x_wconf 83' lang='lat' dir='ltr'><strong>barbariem</strong></span> <span class='ocrx_word' id='word_1_243' title='bbox 813 3414 859 3475; x_wconf 91' lang='lat' dir='ltr'><strong>vel</strong></span> <span class='ocrx_word' id='word_1_244' title='bbox 881 3415 1083 3484; x_wconf 86' lang='lat' dir='ltr'><strong>rusticitatem,</strong></span> <span class='ocrx_word' id='word_1_245' title='bbox 1107 3415 1215 3493; x_wconf 89' lang='lat' dir='ltr'><strong>partim</strong></span> <span class='ocrx_word' id='word_1_246' title='bbox 1230 3416 1314 3493; x_wconf 90' lang='lat' dir='ltr'><strong>igno-</strong></span> 
     </span>
     <span class='ocr_line' id='line_1_31' title="bbox 80 3515 1313 3595; baseline -0.001 -16"><span class='ocrx_word' id='word_1_247' title='bbox 80 3541 81 3544; x_wconf 45' lang='lat'><em>*</em></span> <span class='ocrx_word' id='word_1_248' title='bbox 169 3521 295 3580; x_wconf 87' lang='lat' dir='ltr'><strong>cantiam</strong></span> <span class='ocrx_word' id='word_1_249' title='bbox 319 3517 393 3579; x_wconf 84' lang='lat' dir='ltr'><strong>adeo</strong></span> <span class='ocrx_word' id='word_1_250' title='bbox 416 3519 562 3578; x_wconf 86' lang='lat' dir='ltr'><strong>sermonis</strong></span> <span class='ocrx_word' id='word_1_251' title='bbox 585 3517 680 3577; x_wconf 92' lang='lat' dir='ltr'><strong>Latini</strong></span> <span class='ocrx_word' id='word_1_252' title='bbox 704 3516 903 3594; x_wconf 90' lang='lat' dir='ltr'><strong>turpissimam</strong></span> <span class='ocrx_word' id='word_1_253' title='bbox 926 3515 1066 3595; x_wconf 90' lang='lat' dir='ltr'><strong>produnt.</strong></span> <span class='ocrx_word' id='word_1_254' title='bbox 1117 3516 1179 3576; x_wconf 87' lang='lat' dir='ltr'><strong>Neo</strong></span> <span class='ocrx_word' id='word_1_255' title='bbox 1205 3517 1313 3578; x_wconf 89' lang='lat' dir='ltr'><strong>intacta</strong></span> 
     </span>
     <span class='ocr_line' id='line_1_32' title="bbox 168 3607 1312 3698; baseline -0.003 -18"><span class='ocrx_word' id='word_1_256' title='bbox 168 3620 224 3680; x_wconf 89' lang='lat' dir='ltr'><strong>hac</strong></span> <span class='ocrx_word' id='word_1_257' title='bbox 248 3617 313 3680; x_wconf 90' lang='lat' dir='ltr'><strong>labe</strong></span> <span class='ocrx_word' id='word_1_258' title='bbox 336 3625 438 3680; x_wconf 91' lang='lat' dir='ltr'><strong>nostra</strong></span> <span class='ocrx_word' id='word_1_259' title='bbox 462 3617 641 3698; x_wconf 86' lang='lat' dir='ltr'><strong>exemplaria</strong></span> <span class='ocrx_word' id='word_1_260' title='bbox 664 3617 830 3695; x_wconf 85' lang='lat' dir='ltr'><strong>Vergiliana</strong></span> <span class='ocrx_word' id='word_1_261' title='bbox 860 3635 926 3679; x_wconf 91' lang='lat' dir='ltr'><strong>esse</strong></span> <span class='ocrx_word' id='word_1_262' title='bbox 949 3625 978 3678; x_wconf 90' lang='lat' dir='ltr'><strong>et</strong></span> <span class='ocrx_word' id='word_1_263' title='bbox 1001 3635 1035 3678; x_wconf 90' lang='lat' dir='ltr'><strong>ea</strong></span> <span class='ocrx_word' id='word_1_264' title='bbox 1057 3607 1312 3692; x_wconf 89' lang='lat' dir='ltr'><strong>demonstrabunt,</strong></span> 
     </span>
     <span class='ocr_line' id='line_1_33' title="bbox 166 3713 1365 3799; baseline 0 -19"><span class='ocrx_word' id='word_1_265' title='bbox 166 3738 243 3798; x_wconf 87' lang='lat' dir='ltr'><strong>quae</strong></span> <span class='ocrx_word' id='word_1_266' title='bbox 264 3719 354 3798; x_wconf 88' lang='lat' dir='ltr'><strong>paulo</strong></span> <span class='ocrx_word' id='word_1_267' title='bbox 376 3721 453 3781; x_wconf 89' lang='lat' dir='ltr'><strong>inira</strong></span> <span class='ocrx_word' id='word_1_268' title='bbox 474 3721 684 3799; x_wconf 91' lang='lat' dir='ltr'><strong>propositurus</strong></span> <span class='ocrx_word' id='word_1_269' title='bbox 707 3737 783 3788; x_wconf 89' lang='lat' dir='ltr'><strong>sum,</strong></span> <span class='ocrx_word' id='word_1_270' title='bbox 809 3725 838 3778; x_wconf 91' lang='lat' dir='ltr'><strong>et</strong></span> <span class='ocrx_word' id='word_1_271' title='bbox 860 3718 958 3779; x_wconf 87' lang='lat' dir='ltr'><strong>indica</strong></span> <span class='ocrx_word' id='word_1_272' title='bbox 981 3735 1069 3796; x_wconf 90' lang='lat' dir='ltr'><strong>quem</strong></span> <span class='ocrx_word' id='word_1_273' title='bbox 1092 3717 1314 3797; x_wconf 90' lang='lat' dir='ltr'><strong>prolegomenis</strong></span> <span class='ocrx_word' id='word_1_274' title='bbox 1362 3713 1365 3718; x_wconf 71' lang='grc'><strong>’</strong></span> 
     </span>
     <span class='ocr_line' id='line_1_34' title="bbox 163 3820 679 3899; baseline 0 -17"><span class='ocrx_word' id='word_1_275' title='bbox 163 3820 278 3882; x_wconf 91' lang='lat' dir='ltr'><strong>subieci</strong></span> <span class='ocrx_word' id='word_1_276' title='bbox 299 3823 492 3898; x_wconf 86' lang='lat' dir='ltr'><strong>grammatico</strong></span> <span class='ocrx_word' id='word_1_277' title='bbox 515 3820 679 3899; x_wconf 86' lang='lat' dir='ltr'><strong>apparebit.</strong></span> 
     </span>
    </p>

    <p class='ocr_par' dir='ltr' id='par_1_7' title="bbox 167 3921 1315 4101">
     <span class='ocr_line' id='line_1_35' title="bbox 174 3921 1315 4001; baseline 0 -19"><span class='ocrx_word' id='word_1_278' title='bbox 174 3971 178 3982; x_wconf 89' lang='lat'>.</span> <span class='ocrx_word' id='word_1_279' title='bbox 249 3922 310 3983; x_wconf 90' lang='lat' dir='ltr'><strong>lam</strong></span> <span class='ocrx_word' id='word_1_280' title='bbox 333 3939 404 3983; x_wconf 86' lang='lat' dir='ltr'><strong>vero</strong></span> <span class='ocrx_word' id='word_1_281' title='bbox 427 3921 522 3982; x_wconf 90' lang='lat' dir='ltr'><strong>multo</strong></span> <span class='ocrx_word' id='word_1_282' title='bbox 544 3923 662 3999; x_wconf 79' lang='lat' dir='ltr'><strong>gravior</strong></span> <span class='ocrx_word' id='word_1_283' title='bbox 685 3923 819 4001; x_wconf 84' lang='lat' dir='ltr'><strong>quaestio</strong></span> <span class='ocrx_word' id='word_1_284' title='bbox 843 3931 902 3990; x_wconf 89' lang='lat' dir='ltr'><strong>est,</strong></span> <span class='ocrx_word' id='word_1_285' title='bbox 926 3921 1013 3998; x_wconf 86' lang='lat' dir='ltr'><strong>quale</strong></span> <span class='ocrx_word' id='word_1_286' title='bbox 1035 3923 1127 3982; x_wconf 89' lang='lat' dir='ltr'><strong>luerit</strong></span> <span class='ocrx_word' id='word_1_287' title='bbox 1149 3923 1315 4001; x_wconf 86' lang='lat' dir='ltr'><strong>scripturae</strong></span> 
     </span>
     <span class='ocr_line' id='line_1_36' title="bbox 167 4022 1315 4101; baseline 0.002 -20"><span class='ocrx_word' id='word_1_288' title='bbox 167 4041 263 4101; x_wconf 92' lang='lat' dir='ltr'><strong>genus</strong></span> <span class='ocrx_word' id='word_1_289' title='bbox 285 4024 316 4084; x_wconf 95' lang='lat' dir='ltr'><strong>in</strong></span> <span class='ocrx_word' id='word_1_290' title='bbox 340 4026 382 4084; x_wconf 92' lang='lat' dir='ltr'><strong>eis</strong></span> <span class='ocrx_word' id='word_1_291' title='bbox 404 4023 491 4084; x_wconf 90' lang='lat' dir='ltr'><strong>libris</strong></span> <span class='ocrx_word' id='word_1_292' title='bbox 514 4025 575 4084; x_wconf 83' lang='lat' dir='ltr'><strong>sire</strong></span> <span class='ocrx_word' id='word_1_293' title='bbox 598 4025 627 4082; x_wconf 96' lang='lat' dir='ltr'><strong>in</strong></span> <span class='ocrx_word' id='word_1_294' title='bbox 652 4042 687 4083; x_wconf 90' lang='lat' dir='ltr'><strong>eo</strong></span> <span class='ocrx_word' id='word_1_295' title='bbox 710 4022 797 4092; x_wconf 92' lang='lat' dir='ltr'><strong>libro,</strong></span> <span class='ocrx_word' id='word_1_296' title='bbox 826 4023 904 4083; x_wconf 91' lang='lat' dir='ltr'><strong>unde</strong></span> <span class='ocrx_word' id='word_1_297' title='bbox 928 4025 1021 4083; x_wconf 88' lang='lat' dir='ltr'><strong>nostri</strong></span> <span class='ocrx_word' id='word_1_298' title='bbox 1045 4025 1235 4084; x_wconf 86' lang='lat' dir='ltr'><strong>vetustissimi</strong></span> <span class='ocrx_word' id='word_1_299' title='bbox 1258 4026 1315 4083; x_wconf 92' lang='lat' dir='ltr'><strong>orti</strong></span> 
     </span>
    </p>
   </div>
   <div class='ocr_carea' id='block_1_5' title="bbox 166 4121 1416 4210">
    <p class='ocr_par' dir='ltr' id='par_1_8' title="bbox 166 4121 1416 4210">
     <span class='ocr_line' id='line_1_37' title="bbox 166 4121 1416 4210; baseline -0.002 -25"><span class='ocrx_word' id='word_1_300' title='bbox 166 4132 246 4185; x_wconf 91' lang='lat' dir='ltr'><strong>sunt.</strong></span> <span class='ocrx_word' id='word_1_301' title='bbox 292 4123 397 4186; x_wconf 84' lang='lat' dir='ltr'><strong>Cicero</strong></span> <span class='ocrx_word' id='word_1_302' title='bbox 419 4125 539 4204; x_wconf 89' lang='lat' dir='ltr'><strong>quidem</strong></span> <span class='ocrx_word' id='word_1_303' title='bbox 562 4127 592 4184; x_wconf 93' lang='lat' dir='ltr'><strong>in</strong></span> <span class='ocrx_word' id='word_1_304' title='bbox 616 4124 741 4204; x_wconf 87' lang='lat' dir='ltr'><strong>epistola</strong></span> <span class='ocrx_word' id='word_1_305' title='bbox 765 4124 801 4184; x_wconf 91' lang='lat' dir='ltr'><strong>ad</strong></span> <span class='ocrx_word' id='word_1_306' title='bbox 827 4126 896 4186; x_wconf 89' lang='lat' dir='ltr'><strong>lam.</strong></span> <span class='ocrx_word' id='word_1_307' title='bbox 925 4123 988 4184; x_wconf 88' lang='lat' dir='ltr'><strong>XVI</strong></span> <span class='ocrx_word' id='word_1_308' title='bbox 1013 4121 1055 4184; x_wconf 79' lang='lat'><strong>22</strong></span> <span class='ocrx_word' id='word_1_309' title='bbox 1071 4125 1210 4185; x_wconf 89' lang='lat' dir='ltr'><strong>Tironem</strong></span> <span class='ocrx_word' id='word_1_310' title='bbox 1230 4127 1315 4184; x_wconf 89' lang='lat' dir='ltr'><strong>iussit</strong></span> <span class='ocrx_word' id='word_1_311' title='bbox 1415 4205 1416 4210; x_wconf 8' lang='grc' dir='ltr'>ἵ</span> 
     </span>
    </p>
   </div>
   <div class='ocr_carea' id='block_1_6' title="bbox 107 4225 1314 4509">
    <p class='ocr_par' dir='ltr' id='par_1_9' title="bbox 107 4225 1314 4509">
     <span class='ocr_line' id='line_1_38' title="bbox 164 4225 1313 4304; baseline -0.002 -18"><span class='ocrx_word' id='word_1_312' title='bbox 164 4227 192 4286; x_wconf 90' lang='lat' dir='ltr'><strong>si</strong></span> <span class='ocrx_word' id='word_1_313' title='bbox 215 4225 286 4304; x_wconf 89' lang='lat' dir='ltr'><strong>quid</strong></span> <span class='ocrx_word' id='word_1_314' title='bbox 308 4225 421 4286; x_wconf 90' lang='lat' dir='ltr'><strong>librarii</strong></span> <span class='ocrx_word' id='word_1_315' title='bbox 446 4227 539 4304; x_wconf 91' lang='lat' dir='ltr'><strong>ipsius</strong></span> <span class='ocrx_word' id='word_1_316' title='bbox 561 4245 650 4286; x_wconf 91' lang='lat' dir='ltr'><strong>manu</strong></span> <span class='ocrx_word' id='word_1_317' title='bbox 674 4245 732 4286; x_wconf 92' lang='lat' dir='ltr'><strong>non</strong></span> <span class='ocrx_word' id='word_1_318' title='bbox 762 4226 972 4304; x_wconf 82' lang='lat' dir='ltr'><strong>intellegerent</strong></span> <span class='ocrx_word' id='word_1_319' title='bbox 999 4232 1181 4293; x_wconf 86' lang='lat' dir='ltr'><strong>monstrare,</strong></span> <span class='ocrx_word' id='word_1_320' title='bbox 1211 4244 1313 4285; x_wconf 91' lang='lat' dir='ltr'><strong>unam·</strong></span> 
     </span>
     <span class='ocr_line' id='line_1_39' title="bbox 107 4327 1313 4408; baseline -0.001 -22"><span class='ocrx_word' id='word_1_321' title='bbox 107 4401 111 4408; x_wconf 21' lang='grc' dir='ltr'>ι</span> <span class='ocrx_word' id='word_1_322' title='bbox 167 4345 227 4405; x_wconf 89' lang='lat' dir='ltr'><strong>que</strong></span> <span class='ocrx_word' id='word_1_323' title='bbox 250 4328 372 4387; x_wconf 93' lang='lat' dir='ltr'><strong>omnino</strong></span> <span class='ocrx_word' id='word_1_324' title='bbox 395 4327 476 4388; x_wconf 91' lang='lat' dir='ltr'><strong>addit</strong></span> <span class='ocrx_word' id='word_1_325' title='bbox 498 4329 757 4406; x_wconf 87' lang='lat' dir='ltr'><strong>interpositionem</strong></span> <span class='ocrx_word' id='word_1_326' title='bbox 780 4327 978 4388; x_wconf 82' lang='lat' dir='ltr'><strong>difficiliorem</strong></span> <span class='ocrx_word' id='word_1_327' title='bbox 996 4346 1069 4396; x_wconf 86' lang='lat' dir='ltr'><strong>esse,</strong></span> <span class='ocrx_word' id='word_1_328' title='bbox 1094 4345 1180 4406; x_wconf 90' lang='lat' dir='ltr'><strong>quam</strong></span> <span class='ocrx_word' id='word_1_329' title='bbox 1198 4345 1234 4386; x_wconf 90' lang='lat' dir='ltr'><strong>ne</strong></span> <span class='ocrx_word' id='word_1_330' title='bbox 1250 4328 1313 4404; x_wconf 87' lang='lat' dir='ltr'><strong>ipso</strong></span> 
     </span>
     <span class='ocr_line' id='line_1_40' title="bbox 161 4427 1314 4509; baseline -0.002 -21"><span class='ocrx_word' id='word_1_331' title='bbox 161 4427 283 4509; x_wconf 87' lang='lat' dir='ltr'><strong>quidem</strong></span> <span class='ocrx_word' id='word_1_332' title='bbox 311 4427 398 4490; x_wconf 81' lang='lat' dir='ltr'><strong>facile</strong></span> <span class='ocrx_word' id='word_1_333' title='bbox 421 4428 521 4507; x_wconf 90' lang='lat' dir='ltr'><strong>legere</strong></span> <span class='ocrx_word' id='word_1_334' title='bbox 545 4427 654 4496; x_wconf 91' lang='lat' dir='ltr'><strong>soleat;</strong></span> <span class='ocrx_word' id='word_1_335' title='bbox 689 4446 745 4488; x_wconf 88' lang='lat' dir='ltr'><strong>nec</strong></span> <span class='ocrx_word' id='word_1_336' title='bbox 774 4431 874 4490; x_wconf 92' lang='lat' dir='ltr'><strong>minus</strong></span> <span class='ocrx_word' id='word_1_337' title='bbox 895 4427 1099 4488; x_wconf 91' lang='lat' dir='ltr'><strong>memorabilia</strong></span> <span class='ocrx_word' id='word_1_338' title='bbox 1129 4444 1203 4503; x_wconf 89' lang='lat' dir='ltr'><strong>quae</strong></span> <span class='ocrx_word' id='word_1_339' title='bbox 1230 4429 1314 4488; x_wconf 85' lang='lat' dir='ltr'><strong>tratri</strong></span> 
     </span>
    </p>
   </div>
   <div class='ocr_carea' id='block_1_7' title="bbox 0 0 1621 5046">
    <p class='ocr_par' dir='ltr' id='par_1_10' title="bbox 0 0 1621 5046">
     <span class='ocr_line' id='line_1_41' title="bbox 0 0 1621 5046; baseline 0 0"><span class='ocrx_word' id='word_1_340' title='bbox 0 0 1621 5046; x_wconf 95' lang='lat' dir='ltr'><strong> </strong></span> 
     </span>
    </p>
   </div>
  </div>
 </body>
</html>
