3172 5038
558 373 801 417 Puonuooofflne..

541 891 674 969 Orrur
702 892 807 968 XIV.

368 1055 518 1135 Versus
548 1054 776 1136 scholastici
806 1053 983 1160 quidam.

190 1416 343 1480 Corollarii
366 1415 431 1476 loco
454 1415 648 1477 scholasticos
671 1418 815 1498 quosdam
839 1435 949 1486 versus,
974 1417 1023 1495 qui
1046 1417 1078 1474 in
1094 1414 1247 1476 codicibus

106 1519 280 1596 Vergilianis
308 1537 322 1577 a
352 1536 399 1577 me
428 1516 566 1577 adhibitis
588 1517 743 1595 leguntur,
774 1519 822 1577 hic
850 1517 886 1576 arl
914 1535 1015 1578 eornm
1047 1515 1134 1576 lulem
1163 1535 1246 1577 reco-

107 1617 296 1697 gnoscendos
339 1636 403 1677 esse
444 1617 523 1677 duxi.
587 1619 753 1680 Erliderunt
776 1637 827 1679 eos
860 1636 928 1678 cum
968 1619 1075 1677 ceteris
1115 1617 1246 1678 eiusdem

105 1722 224 1798 generis
239 1720 271 1780 P.
289 1719 475 1779 Burmannus
497 1721 529 1777 in
551 1719 720 1796 anthologia
744 1727 810 1779 vett.
837 1719 950 1779 latinu.
976 1721 1070 1796 epigr.
1095 1726 1124 1778 ct
1146 1737 1244 1797 poem.

105 1821 132 1880 ll
154 1839 182 1880 n.
208 1816 277 1879 192.
303 1816 373 1880 191.
399 1816 468 1880 190.
495 1817 555 1879 189
583 1820 630 1899 (cl.
656 1821 776 1880 Henrici
801 1821 901 1897 Meyer
924 1819 1034 1879 anthol.
1064 1819 1127 1878 Lat.
1152 1819 1208 1878 vol.
1236 1819 1246 1878 l

107 1941 135 1980 n.
160 1917 230 1980 862.
256 1917 327 1980 860.
351 1917 422 1998 836)
448 1927 477 1979 et
498 1920 629 1998 Heynius
651 1923 681 1979 in
704 1919 825 1996 Vergilii
848 1921 894 1978 sui
917 1938 933 1979 a
955 1919 1102 1996 Wagnerc
1126 1921 1247 1997 repetiti

104 2021 161 2080 vol.
185 2021 197 2080 l
220 2040 247 2099 p.
272 2019 382 2080 CXLlV
405 2037 469 2100 sqq.
501 2039 530 2080 n.
555 2020 575 2080 l.
600 2021 634 2080 ll.
659 2021 690 2080 V.
715 2021 779 2088 Vll;
815 2038 950 2098 quaeque
984 2038 1088 2080 eorum
1120 2021 1151 2078 in
1180 2019 1246 2078 Lei-

105 2123 190 2181 densi
218 2121 320 2181 codice
348 2123 469 2182 Ausonii
496 2129 596 2181 extant
626 2140 721 2200 nuper
750 2122 899 2181 Lucienus
921 2119 1082 2180 Muellerus
1110 2121 1140 2179 in
1169 2138 1245 2179 mus

104 2222 199 2284 Rhen.
222 2222 289 2282 Xlll
313 2217 374 2282 114
389 2239 451 2301 sqq.
477 2224 615 2283 excussit.
660 2222 703 2282 Ex
719 2223 880 2282 Burmanni
902 2229 1045 2300 apparatu
1067 2237 1160 2299 pauca
1184 2227 1247 2280 tan·

107 2334 170 2384 tum
186 2323 362 2400 notabiliora
385 2326 415 2384 in
438 2325 650 2385 commentario
673 2325 775 2385 critico
798 2322 892 2383 attuli.

573 2610 772 2674 Praelatio.

256 2797 403 2874 Vergilius
425 2815 532 2875 magno
556 2804 699 2875 quantum
723 2798 871 2858 concessit
892 2795 1036 2867 Homero,

305 2905 419 2959 tantum
443 2917 497 2976 ego
520 2897 646 2974 Vergilio
669 2899 747 2958 Naso
770 2907 857 2977 pocta
880 2917 956 2958 mco.

257 3017 312 3059 nec
334 3019 382 3060 mc
405 2999 569 3079 praelatum
593 3001 680 3077 cupio
703 2999 755 3058 tibi
778 3001 872 3068 serre,
897 3007 999 3078 poeta:

306 3103 425 3177 ingenio
449 3102 473 3160 si
498 3107 526 3160 te
549 3099 728 3178 subsequor,
752 3100 808 3160 hoc
830 3102 901 3161 satis
924 3107 979 3161 cst.

257 3208 431 3279 argumenta
454 3200 572 3280 quidem
595 3199 741 3261 librorum
762 3203 858 3280 prima
880 3203 994 3270 notavi,

308 3321 442 3362 errorem
464 3303 584 3379 ignarus
607 3304 732 3380 nequis
755 3301 866 3362 habere
889 3308 985 3379 queat.

257 3403 303 3463 his
326 3405 432 3483 quinos
454 3404 512 3464 leci
532 3403 667 3480 legerent
690 3421 764 3480 quos
786 3405 917 3464 carmine
940 3422 1056 3472 versus,

307 3505 455 3564 Acraeidos
477 3512 571 3565 totum
595 3523 705 3583 corpus
727 3513 760 3565 ut
783 3523 848 3565 csse
871 3511 983 3584 putent.

108 3689 149 3696 ...-
380 3692 412 3698 ..-

170 3810 307 3859 Adnotatic
325 3810 424 3862 critica.
461 3808 587 3874 Siclorum
604 3817 679 3859 notae
699 3814 808 3874 praeter
829 3811 933 3859 solitas:
957 3809 1024 3858 lt:
1043 3808 1244 3872 Hamhurgenais

136 3895 196 3940 l=
214 3895 349 3944 Leidensis
365 3892 453 3944 Vossil
535 3911 555 3958 p
572 3909 606 3936 ==
625 3893 778 3943 Petcoinnua
864 3910 885 3942 ω
903 3912 936 3935 =
955 3893 1139 3943 Burmanniani
1160 3876 1250 3942 omnes¹

135 3984 212 4036 ab:
229 3977 414 4029 Burmanniani
428 3977 554 4042 plerique.
636 3977 817 4040 Praefatio.
855 3977 938 4026 Entat
955 3981 982 4026 in
1000 3982 1052 4042 ylp.
1094 3975 1244 4026 OARMEN

101 4061 223 4110 OVIDII
247 4061 403 4113 NASONIS
434 4079 450 4126 γ
486 4062 586 4126 incipit
604 4061 826 4126 episrammatum
857 4061 942 4111 obidii
966 4064 1078 4114 nasonis
1107 4062 1136 4110 in
1166 4061 1244 4110 libris

100 4144 261 4194 eneidarum
279 4146 400 4212 uergilii.
438 4146 606 4211 praefatiol
691 4147 824 4210 lmagno
843 4163 925 4210 oncy
1017 4151 1170 4212 quantusy

100 4229 247 4294 2uirgilio
270 4247 286 4295 γ
355 4235 370 4282 3
398 4237 508 4297 poetam
523 4250 558 4296 p,
586 4231 736 4282 Muellerus.
766 4231 809 4280 An
827 4231 907 4295 flore,
934 4233 1034 4296 poeta?
1120 4233 1136 4280 5
1163 4232 1242 4293 priva

100 4313 241 4363 Muellerum
338 4318 501 4380 Gerrorey
608 4315 735 4382 llegere
753 4320 784 4364 ut
807 4316 864 4365 leci
886 4319 902 4366 i.
927 4333 949 4369 e.
976 4316 1099 4380 legerent
1126 4314 1182 4362 feci
1208 4331 1243 4378 γρ

135 4400 151 4447 8
171 4402 258 4448 lotam
277 4415 293 4464 g
362 4403 378 4450 9
396 4416 434 4464 sq.
453 4401 537 4464 spatio
555 4403 672 4463 separati
688 4401 720 4450 ab
739 4401 945 4450 antecedentibus
962 4402 988 4448 in
1006 4404 1021 4457 l,
1039 4400 1182 4462 reponendi
1199 4415 1242 4446 aar·

152 4498 286 4544 sareanen,
313 4499 471 4534 rnonraou.
1000 4481 1042 4544 24
