<?xml version="1.0" encoding="UTF-8"?>
<!DOCTYPE html PUBLIC "-//W3C//DTD XHTML 1.0 Transitional//EN"
    "http://www.w3.org/TR/xhtml1/DTD/xhtml1-transitional.dtd">
<html xmlns="http://www.w3.org/1999/xhtml" xml:lang="en" lang="en">
 <head>
  <title>
</title>
<meta http-equiv="Content-Type" content="text/html;charset=utf-8" />
  <meta name='ocr-system' content='tesseract 3.04.00' />
  <meta name='ocr-capabilities' content='ocr_page ocr_carea ocr_par ocr_line ocrx_word'/>
</head>
<body>
  <div class='ocr_page' id='page_1' title='image "./pvergilimaronis02ribbgoog/pvergilimaronis02ribbgoog_0186.png"; bbox 0 0 3276 5050; ppageno 0'>
   <div class='ocr_carea' id='block_1_1' title="bbox 623 403 1321 472">
    <p class='ocr_par' dir='ltr' id='par_1_1' title="bbox 623 403 1321 472">
     <span class='ocr_line' id='line_1_1' title="bbox 623 403 1321 472; baseline -0.004 0"><span class='ocrx_word' id='word_1_1' title='bbox 623 429 869 472; x_wconf 75' lang='lat' dir='ltr'><strong>raouuoounmt.</strong></span> <span class='ocrx_word' id='word_1_2' title='bbox 1259 403 1321 469; x_wconf 86' lang='lat'><strong>145</strong></span> 
     </span>
    </p>
   </div>
   <div class='ocr_carea' id='block_1_2' title="bbox 173 595 1322 681">
    <p class='ocr_par' dir='ltr' id='par_1_2' title="bbox 173 595 1322 681">
     <span class='ocr_line' id='line_1_2' title="bbox 173 595 1322 681; baseline -0.006 -19"><span class='ocrx_word' id='word_1_3' title='bbox 173 601 252 681; x_wconf 89' lang='lat' dir='ltr'><strong>apud</strong></span> <span class='ocrx_word' id='word_1_4' title='bbox 268 599 397 679; x_wconf 88' lang='lat' dir='ltr'><strong>Gellium</strong></span> <span class='ocrx_word' id='word_1_5' title='bbox 419 599 446 660; x_wconf 97' lang='lat' dir='ltr'><strong>ll</strong></span> <span class='ocrx_word' id='word_1_6' title='bbox 469 596 488 659; x_wconf 90' lang='grc'><strong>6</strong></span> <span class='ocrx_word' id='word_1_7' title='bbox 512 597 624 659; x_wconf 91' lang='lat' dir='ltr'><strong>eisdem</strong></span> <span class='ocrx_word' id='word_1_8' title='bbox 646 599 710 659; x_wconf 86' lang='lat' dir='ltr'><strong>lere</strong></span> <span class='ocrx_word' id='word_1_9' title='bbox 732 597 832 658; x_wconf 89' lang='lat' dir='ltr'><strong>verbis</strong></span> <span class='ocrx_word' id='word_1_10' title='bbox 854 597 1012 667; x_wconf 82' lang='lat' dir='ltr'><strong>refutetur,</strong></span> <span class='ocrx_word' id='word_1_11' title='bbox 1037 615 1097 658; x_wconf 93' lang='lat' dir='ltr'><strong>non</strong></span> <span class='ocrx_word' id='word_1_12' title='bbox 1121 597 1210 657; x_wconf 91' lang='lat' dir='ltr'><strong>nimis</strong></span> <span class='ocrx_word' id='word_1_13' title='bbox 1226 595 1322 656; x_wconf 82' lang='lat' dir='ltr'><strong>audax</strong></span> 
     </span>
    </p>
   </div>
   <div class='ocr_carea' id='block_1_3' title="bbox 134 699 1385 3537">
    <p class='ocr_par' dir='ltr' id='par_1_3' title="bbox 152 699 1360 1288">
     <span class='ocr_line' id='line_1_3' title="bbox 174 699 1321 782; baseline -0.005 -18"><span class='ocrx_word' id='word_1_14' title='bbox 174 705 304 782; x_wconf 89' lang='lat' dir='ltr'><strong>suspicio</strong></span> <span class='ocrx_word' id='word_1_15' title='bbox 333 703 403 770; x_wconf 90' lang='lat' dir='ltr'><strong>erit,</strong></span> <span class='ocrx_word' id='word_1_16' title='bbox 438 701 518 761; x_wconf 91' lang='lat' dir='ltr'><strong>hunc</strong></span> <span class='ocrx_word' id='word_1_17' title='bbox 548 718 666 778; x_wconf 91' lang='lat' dir='ltr'><strong>quoque</strong></span> <span class='ocrx_word' id='word_1_18' title='bbox 688 699 779 761; x_wconf 84' lang='lat' dir='ltr'>Probi</span> <span class='ocrx_word' id='word_1_19' title='bbox 803 701 1050 760; x_wconf 89' lang='lat' dir='ltr'><strong>commentarium</strong></span> <span class='ocrx_word' id='word_1_20' title='bbox 1080 699 1321 758; x_wconf 81' lang='lat' dir='ltr'><strong>connominato</strong></span> 
     </span>
     <span class='ocr_line' id='line_1_4' title="bbox 172 799 1360 882; baseline -0.005 -17"><span class='ocrx_word' id='word_1_21' title='bbox 172 811 206 865; x_wconf 89' lang='lat' dir='ltr'><strong>ut</strong></span> <span class='ocrx_word' id='word_1_22' title='bbox 227 803 298 865; x_wconf 87' lang='lat' dir='ltr'><strong>alias</strong></span> <span class='ocrx_word' id='word_1_23' title='bbox 321 811 443 866; x_wconf 88' lang='lat' dir='ltr'><strong>auctore</strong></span> <span class='ocrx_word' id='word_1_24' title='bbox 466 803 671 882; x_wconf 74' lang='lat' dir='ltr'><strong>excerpsisse·</strong></span> <span class='ocrx_word' id='word_1_25' title='bbox 686 809 715 862; x_wconf 91' lang='lat' dir='ltr'><strong>et</strong></span> <span class='ocrx_word' id='word_1_26' title='bbox 736 820 753 861; x_wconf 91' lang='lat' dir='ltr'><strong>a</strong></span> <span class='ocrx_word' id='word_1_27' title='bbox 774 801 913 861; x_wconf 80' lang='lat' dir='ltr'><strong>familiari</strong></span> <span class='ocrx_word' id='word_1_28' title='bbox 937 801 1065 878; x_wconf 91' lang='lat' dir='ltr'><strong>quodam</strong></span> <span class='ocrx_word' id='word_1_29' title='bbox 1087 799 1178 861; x_wconf 87' lang='lat' dir='ltr'><strong>Probi</strong></span> <span class='ocrx_word' id='word_1_30' title='bbox 1194 799 1322 861; x_wconf 88' lang='lat' dir='ltr'><strong>Gellium</strong></span> <span class='ocrx_word' id='word_1_31' title='bbox 1356 800 1360 808; x_wconf 89' lang='lat'><em>&#39;</em></span> 
     </span>
     <span class='ocr_line' id='line_1_5' title="bbox 174 899 1324 985; baseline -0.004 -19"><span class='ocrx_word' id='word_1_32' title='bbox 174 925 227 967; x_wconf 89' lang='lat' dir='ltr'><strong>sua</strong></span> <span class='ocrx_word' id='word_1_33' title='bbox 249 899 400 985; x_wconf 86' lang='lat' dir='ltr'><strong>accepisse</strong></span> <span class='ocrx_word' id='word_1_34' title='bbox 423 903 671 965; x_wconf 88' lang='lat' dir='ltr'><strong>Kretzschmerus</strong></span> <span class='ocrx_word' id='word_1_35' title='bbox 694 919 814 982; x_wconf 83' lang='lat' dir='ltr'><strong>quoque</strong></span> <span class='ocrx_word' id='word_1_36' title='bbox 836 922 865 982; x_wconf 93' lang='lat' dir='ltr'><strong>p.</strong></span> <span class='ocrx_word' id='word_1_37' title='bbox 890 899 931 963; x_wconf 80' lang='grc'><strong>92</strong></span> <span class='ocrx_word' id='word_1_38' title='bbox 955 903 1066 963; x_wconf 76' lang='lat' dir='ltr'><strong>statuit.</strong></span> <span class='ocrx_word' id='word_1_39' title='bbox 1116 901 1149 962; x_wconf 94' lang='lat' dir='ltr'><strong>ld</strong></span> <span class='ocrx_word' id='word_1_40' title='bbox 1177 920 1248 962; x_wconf 88' lang='lat' dir='ltr'><strong>vero</strong></span> <span class='ocrx_word' id='word_1_41' title='bbox 1272 903 1324 980; x_wconf 89' lang='lat' dir='ltr'><strong>qui</strong></span> 
     </span>
     <span class='ocr_line' id='line_1_6' title="bbox 173 1003 1323 1090; baseline -0.004 -21"><span class='ocrx_word' id='word_1_42' title='bbox 173 1008 359 1088; x_wconf 90' lang='lat' dir='ltr'><strong>probaverit,</strong></span> <span class='ocrx_word' id='word_1_43' title='bbox 392 1009 481 1067; x_wconf 89' lang='lat' dir='ltr'><strong>ctiam</strong></span> <span class='ocrx_word' id='word_1_44' title='bbox 509 1005 582 1066; x_wconf 93' lang='lat' dir='ltr'><strong>illud</strong></span> <span class='ocrx_word' id='word_1_45' title='bbox 605 1005 763 1090; x_wconf 82' lang='lat' dir='ltr'><strong>concedet,</strong></span> <span class='ocrx_word' id='word_1_46' title='bbox 793 1003 938 1083; x_wconf 90' lang='lat' dir='ltr'><strong>reliquam</strong></span> <span class='ocrx_word' id='word_1_47' title='bbox 967 1005 1044 1084; x_wconf 90' lang='lat' dir='ltr'><strong>apud</strong></span> <span class='ocrx_word' id='word_1_48' title='bbox 1068 1004 1195 1064; x_wconf 90' lang='lat' dir='ltr'><strong>eundem</strong></span> <span class='ocrx_word' id='word_1_49' title='bbox 1219 1003 1255 1064; x_wconf 90' lang='lat' dir='ltr'><strong>de</strong></span> <span class='ocrx_word' id='word_1_50' title='bbox 1278 1007 1323 1064; x_wconf 82' lang='lat' dir='ltr'><strong>tn·</strong></span> 
     </span>
     <span class='ocr_line' id='line_1_7' title="bbox 152 1103 1323 1187; baseline -0.01 -11"><span class='ocrx_word' id='word_1_51' title='bbox 152 1113 296 1176; x_wconf 16' lang='lat' dir='ltr'><strong>&#39;laudate&#39;</strong></span> <span class='ocrx_word' id='word_1_52' title='bbox 316 1127 361 1187; x_wconf 84' lang='lat' dir='ltr'><strong>ge.</strong></span> <span class='ocrx_word' id='word_1_53' title='bbox 386 1105 469 1170; x_wconf 84' lang='lat'><strong>1115</strong></span> <span class='ocrx_word' id='word_1_54' title='bbox 493 1114 522 1168; x_wconf 90' lang='lat' dir='ltr'><strong>et</strong></span> <span class='ocrx_word' id='word_1_55' title='bbox 544 1107 581 1167; x_wconf 89' lang='lat' dir='ltr'><strong>de</strong></span> <span class='ocrx_word' id='word_1_56' title='bbox 603 1110 789 1182; x_wconf 76' lang='lat' dir='ltr'><em>squalentem</em></span> <span class='ocrx_word' id='word_1_57' title='bbox 804 1108 876 1166; x_wconf 85' lang='lat' dir='ltr'><strong>Aen.</strong></span> <span class='ocrx_word' id='word_1_58' title='bbox 900 1106 924 1166; x_wconf 88' lang='lat' dir='ltr'>X</span> <span class='ocrx_word' id='word_1_59' title='bbox 948 1103 1012 1167; x_wconf 86' lang='lat'><strong>314</strong></span> <span class='ocrx_word' id='word_1_60' title='bbox 1034 1105 1244 1166; x_wconf 87' lang='lat' dir='ltr'><strong>vocabulorum</strong></span> <span class='ocrx_word' id='word_1_61' title='bbox 1267 1123 1323 1164; x_wconf 95' lang='lat' dir='ltr'><strong>usu</strong></span> 
     </span>
     <span class='ocr_line' id='line_1_8' title="bbox 175 1206 1226 1288; baseline -0.008 -14"><span class='ocrx_word' id='word_1_62' title='bbox 175 1221 277 1274; x_wconf 88' lang='lat' dir='ltr'><strong>contra</strong></span> <span class='ocrx_word' id='word_1_63' title='bbox 301 1211 466 1280; x_wconf 89' lang='lat' dir='ltr'><strong>Cornutum</strong></span> <span class='ocrx_word' id='word_1_64' title='bbox 489 1210 720 1288; x_wconf 87' lang='lat' dir='ltr'><strong>disputationem</strong></span> <span class='ocrx_word' id='word_1_65' title='bbox 744 1207 839 1268; x_wconf 91' lang='lat' dir='ltr'><strong>eidem</strong></span> <span class='ocrx_word' id='word_1_66' title='bbox 863 1206 962 1269; x_wconf 92' lang='lat' dir='ltr'><strong>Probo</strong></span> <span class='ocrx_word' id='word_1_67' title='bbox 985 1214 1090 1268; x_wconf 86' lang='lat' dir='ltr'><strong>uostro</strong></span> <span class='ocrx_word' id='word_1_68' title='bbox 1114 1207 1226 1268; x_wconf 89' lang='lat' dir='ltr'><strong>deberi.</strong></span> 
     </span>
    </p>

    <p class='ocr_par' dir='ltr' id='par_1_4' title="bbox 134 1306 1372 2108">
     <span class='ocr_line' id='line_1_9' title="bbox 259 1306 1324 1390; baseline -0.006 -16"><span class='ocrx_word' id='word_1_69' title='bbox 259 1317 384 1378; x_wconf 76' lang='lat' dir='ltr'><strong>Altaria</strong></span> <span class='ocrx_word' id='word_1_70' title='bbox 413 1314 508 1373; x_wconf 80' lang='lat' dir='ltr'><strong>libant</strong></span> <span class='ocrx_word' id='word_1_71' title='bbox 535 1313 608 1372; x_wconf 78' lang='lat' dir='ltr'><strong>Aen,</strong></span> <span class='ocrx_word' id='word_1_72' title='bbox 638 1306 778 1371; x_wconf 87' lang='grc' dir='ltr'><strong>Χ11174</strong></span> <span class='ocrx_word' id='word_1_73' title='bbox 806 1309 920 1390; x_wconf 84' lang='lat' dir='ltr'><strong>duplici</strong></span> <span class='ocrx_word' id='word_1_74' title='bbox 953 1309 1042 1370; x_wconf 91' lang='lat' dir='ltr'><strong>modo</strong></span> <span class='ocrx_word' id='word_1_75' title='bbox 1076 1317 1127 1371; x_wconf 89' lang='lat' dir='ltr'><strong>aut</strong></span> <span class='ocrx_word' id='word_1_76' title='bbox 1159 1309 1324 1389; x_wconf 90' lang='lat' dir='ltr'><strong>supplenda</strong></span> 
     </span>
     <span class='ocr_line' id='line_1_10' title="bbox 176 1395 1322 1496; baseline -0.006 -20"><span class='ocrx_word' id='word_1_77' title='bbox 176 1395 398 1496; x_wconf 67' lang='lat' dir='ltr'><strong>praepositione</strong></span> <span class='ocrx_word' id='word_1_78' title='bbox 414 1417 445 1475; x_wconf 80' lang='lat' dir='ltr'><strong>tn</strong></span> <span class='ocrx_word' id='word_1_79' title='bbox 462 1421 513 1474; x_wconf 90' lang='lat' dir='ltr'><strong>aut</strong></span> <span class='ocrx_word' id='word_1_80' title='bbox 527 1421 560 1473; x_wconf 92' lang='lat' dir='ltr'><strong>ut</strong></span> <span class='ocrx_word' id='word_1_81' title='bbox 573 1412 716 1473; x_wconf 87' lang='lat' dir='ltr'><strong>libamina</strong></span> <span class='ocrx_word' id='word_1_82' title='bbox 731 1411 979 1490; x_wconf 79' lang='lat' dir='ltr'><strong>intellegerentur</strong></span> <span class='ocrx_word' id='word_1_83' title='bbox 995 1410 1099 1473; x_wconf 89' lang='lat' dir='ltr'><strong>altaria</strong></span> <span class='ocrx_word' id='word_1_84' title='bbox 1116 1411 1322 1491; x_wconf 59' lang='lat' dir='ltr'><strong>explicante),</strong></span> 
     </span>
     <span class='ocr_line' id='line_1_11' title="bbox 175 1509 1323 1594; baseline -0.004 -16"><span class='ocrx_word' id='word_1_85' title='bbox 175 1518 228 1578; x_wconf 87' lang='lat' dir='ltr'><strong>llis</strong></span> <span class='ocrx_word' id='word_1_86' title='bbox 251 1517 382 1578; x_wconf 90' lang='lat' dir='ltr'><strong>adducor</strong></span> <span class='ocrx_word' id='word_1_87' title='bbox 405 1524 437 1576; x_wconf 92' lang='lat' dir='ltr'><strong>ut</strong></span> <span class='ocrx_word' id='word_1_88' title='bbox 460 1517 547 1576; x_wconf 90' lang='lat' dir='ltr'><strong>etiarn</strong></span> <span class='ocrx_word' id='word_1_89' title='bbox 569 1516 600 1575; x_wconf 93' lang='lat' dir='ltr'><strong>iu</strong></span> <span class='ocrx_word' id='word_1_90' title='bbox 623 1514 737 1576; x_wconf 88' lang='lat' dir='ltr'><strong>scholio</strong></span> <span class='ocrx_word' id='word_1_91' title='bbox 762 1515 927 1574; x_wconf 87' lang='lat' dir='ltr'><strong>Veronensi</strong></span> <span class='ocrx_word' id='word_1_92' title='bbox 950 1513 985 1576; x_wconf 91' lang='lat' dir='ltr'><strong>ad</strong></span> <span class='ocrx_word' id='word_1_93' title='bbox 1009 1515 1083 1574; x_wconf 85' lang='lat' dir='ltr'><strong>Aen.</strong></span> <span class='ocrx_word' id='word_1_94' title='bbox 1107 1513 1130 1573; x_wconf 96' lang='lat' dir='ltr'>V</span> <span class='ocrx_word' id='word_1_95' title='bbox 1152 1511 1193 1575; x_wconf 83' lang='lat'><strong>93</strong></span> <span class='ocrx_word' id='word_1_96' title='bbox 1218 1511 1255 1594; x_wconf 91' lang='lat' dir='ltr'><strong>(p.</strong></span> <span class='ocrx_word' id='word_1_97' title='bbox 1273 1509 1323 1583; x_wconf 85' lang='grc'><strong>94,</strong></span> 
     </span>
     <span class='ocr_line' id='line_1_12' title="bbox 176 1593 1325 1699; baseline -0.003 -21"><span class='ocrx_word' id='word_1_98' title='bbox 176 1616 219 1680; x_wconf 81' lang='grc'><strong>25</strong></span> <span class='ocrx_word' id='word_1_99' title='bbox 233 1617 279 1699; x_wconf 83' lang='grc' dir='ltr'><strong>Κ.)</strong></span> <span class='ocrx_word' id='word_1_100' title='bbox 303 1618 360 1678; x_wconf 95' lang='lat' dir='ltr'><strong>hoc</strong></span> <span class='ocrx_word' id='word_1_101' title='bbox 384 1616 504 1678; x_wconf 69' lang='lat' dir='ltr'><strong>‘altaria</strong></span> <span class='ocrx_word' id='word_1_102' title='bbox 526 1617 637 1687; x_wconf 90' lang='lat' dir='ltr'><strong>limina,</strong></span> <span class='ocrx_word' id='word_1_103' title='bbox 661 1624 694 1678; x_wconf 93' lang='lat' dir='ltr'><strong>ut</strong></span> <span class='ocrx_word' id='word_1_104' title='bbox 715 1619 887 1696; x_wconf 89' lang='lat' dir='ltr'><strong>paterisque</strong></span> <span class='ocrx_word' id='word_1_105' title='bbox 909 1593 1019 1676; x_wconf 71' lang='lat' dir='ltr'><strong>libant’</strong></span> <span class='ocrx_word' id='word_1_106' title='bbox 1044 1635 1069 1677; x_wconf 90' lang='lat' dir='ltr'><strong>e.</strong></span> <span class='ocrx_word' id='word_1_107' title='bbox 1088 1634 1114 1694; x_wconf 90' lang='lat' dir='ltr'><strong>q.</strong></span> <span class='ocrx_word' id='word_1_108' title='bbox 1132 1635 1155 1677; x_wconf 90' lang='lat' dir='ltr'><strong>s.</strong></span> <span class='ocrx_word' id='word_1_109' title='bbox 1179 1618 1325 1676; x_wconf 77' lang='lat' dir='ltr'><strong>libamina</strong></span> 
     </span>
     <span class='ocr_line' id='line_1_13' title="bbox 178 1717 1372 1798; baseline -0.003 -16"><span class='ocrx_word' id='word_1_110' title='bbox 178 1737 234 1798; x_wconf 91' lang='lat' dir='ltr'><strong>pro</strong></span> <span class='ocrx_word' id='word_1_111' title='bbox 256 1723 360 1781; x_wconf 74' lang='lat' dir='ltr'><strong>limiam</strong></span> <span class='ocrx_word' id='word_1_112' title='bbox 382 1721 540 1798; x_wconf 84' lang='lat' dir='ltr'><strong>corrigam,</strong></span> <span class='ocrx_word' id='word_1_113' title='bbox 564 1719 695 1781; x_wconf 89' lang='lat' dir='ltr'><strong>Probum</strong></span> <span class='ocrx_word' id='word_1_114' title='bbox 719 1728 818 1790; x_wconf 88' lang='lat' dir='ltr'><strong>autem</strong></span> <span class='ocrx_word' id='word_1_115' title='bbox 833 1718 908 1778; x_wconf 89' lang='lat' dir='ltr'><strong>haec</strong></span> <span class='ocrx_word' id='word_1_116' title='bbox 924 1735 1042 1798; x_wconf 89' lang='lat' dir='ltr'><strong>quoque</strong></span> <span class='ocrx_word' id='word_1_117' title='bbox 1067 1718 1206 1798; x_wconf 86' lang='lat' dir='ltr'><strong>‘depasta</strong></span> <span class='ocrx_word' id='word_1_118' title='bbox 1222 1717 1325 1778; x_wconf 87' lang='lat' dir='ltr'><strong>altaria</strong></span> <span class='ocrx_word' id='word_1_119' title='bbox 1369 1743 1372 1750; x_wconf 88' lang='lat'>·</span> 
     </span>
     <span class='ocr_line' id='line_1_14' title="bbox 134 1817 1325 1902; baseline -0.002 -20"><span class='ocrx_word' id='word_1_120' title='bbox 134 1820 140 1831; x_wconf 84' lang='lat'>&#39;</span> <span class='ocrx_word' id='word_1_121' title='bbox 177 1821 279 1902; x_wconf 90' lang='lat' dir='ltr'><strong>liquit&#39;</strong></span> <span class='ocrx_word' id='word_1_122' title='bbox 302 1830 371 1902; x_wconf 92' lang='lat' dir='ltr'><strong>post</strong></span> <span class='ocrx_word' id='word_1_123' title='bbox 392 1829 513 1901; x_wconf 87' lang='lat' dir='ltr'><strong>pateras</strong></span> <span class='ocrx_word' id='word_1_124' title='bbox 542 1829 572 1881; x_wconf 87' lang='lat' dir='ltr'><strong>et</strong></span> <span class='ocrx_word' id='word_1_125' title='bbox 599 1820 704 1900; x_wconf 90' lang='lat' dir='ltr'><strong>pocula</strong></span> <span class='ocrx_word' id='word_1_126' title='bbox 734 1829 763 1881; x_wconf 90' lang='lat' dir='ltr'><strong>et</strong></span> <span class='ocrx_word' id='word_1_127' title='bbox 790 1820 881 1900; x_wconf 88' lang='lat' dir='ltr'><strong>dapes</strong></span> <span class='ocrx_word' id='word_1_128' title='bbox 903 1839 928 1880; x_wconf 86' lang='lat' dir='ltr'><strong>v.</strong></span> <span class='ocrx_word' id='word_1_129' title='bbox 954 1817 993 1880; x_wconf 88' lang='grc'><strong>91</strong></span> <span class='ocrx_word' id='word_1_130' title='bbox 1017 1837 1061 1898; x_wconf 90' lang='lat' dir='ltr'><strong>sq.</strong></span> <span class='ocrx_word' id='word_1_131' title='bbox 1093 1827 1325 1880; x_wconf 91' lang='lat' dir='ltr'><strong>commemorata</strong></span> 
     </span>
     <span class='ocr_line' id='line_1_15' title="bbox 178 1918 1326 2002; baseline -0.003 -18"><span class='ocrx_word' id='word_1_132' title='bbox 178 1925 215 1984; x_wconf 91' lang='lat' dir='ltr'><strong>de</strong></span> <span class='ocrx_word' id='word_1_133' title='bbox 238 1926 305 1984; x_wconf 92' lang='lat' dir='ltr'><strong>vino</strong></span> <span class='ocrx_word' id='word_1_134' title='bbox 328 1925 473 1984; x_wconf 89' lang='lat' dir='ltr'><strong>coniciam</strong></span> <span class='ocrx_word' id='word_1_135' title='bbox 495 1925 724 2002; x_wconf 90' lang='lat' dir='ltr'><strong>interpretatum</strong></span> <span class='ocrx_word' id='word_1_136' title='bbox 748 1941 824 1983; x_wconf 89' lang='lat' dir='ltr'><strong>esse.</strong></span> <span class='ocrx_word' id='word_1_137' title='bbox 875 1924 912 1982; x_wconf 88' lang='grc' dir='ltr'>Αι</span> <span class='ocrx_word' id='word_1_138' title='bbox 940 1922 976 1982; x_wconf 91' lang='lat' dir='ltr'><strong>de</strong></span> <span class='ocrx_word' id='word_1_139' title='bbox 1005 1921 1059 1982; x_wconf 89' lang='lat' dir='ltr'><strong>ecl.</strong></span> <span class='ocrx_word' id='word_1_140' title='bbox 1084 1922 1149 1983; x_wconf 91' lang='lat' dir='ltr'><strong>Vlll</strong></span> <span class='ocrx_word' id='word_1_141' title='bbox 1173 1918 1233 1984; x_wconf 85' lang='lat'><strong>105</strong></span> <span class='ocrx_word' id='word_1_142' title='bbox 1256 1921 1326 2002; x_wconf 92' lang='lat' dir='ltr'><strong>quid</strong></span> 
     </span>
     <span class='ocr_line' id='line_1_16' title="bbox 181 2023 1219 2108; baseline -0.002 -21"><span class='ocrx_word' id='word_1_143' title='bbox 181 2029 317 2087; x_wconf 88' lang='lat' dir='ltr'><strong>statuerit</strong></span> <span class='ocrx_word' id='word_1_144' title='bbox 340 2045 375 2086; x_wconf 88' lang='lat' dir='ltr'><strong>ex</strong></span> <span class='ocrx_word' id='word_1_145' title='bbox 398 2025 504 2086; x_wconf 90' lang='lat' dir='ltr'><strong>mutila</strong></span> <span class='ocrx_word' id='word_1_146' title='bbox 527 2025 702 2086; x_wconf 81' lang='lat' dir='ltr'><strong>scholiastae</strong></span> <span class='ocrx_word' id='word_1_147' title='bbox 725 2027 877 2086; x_wconf 90' lang='lat' dir='ltr'><strong>notatione</strong></span> <span class='ocrx_word' id='word_1_148' title='bbox 896 2023 1009 2108; x_wconf 82' lang='lat' dir='ltr'><strong>¹elicere</strong></span> <span class='ocrx_word' id='word_1_149' title='bbox 1033 2043 1092 2084; x_wconf 93' lang='lat' dir='ltr'><strong>non</strong></span> <span class='ocrx_word' id='word_1_150' title='bbox 1115 2025 1219 2086; x_wconf 89' lang='lat' dir='ltr'><strong>ausim.</strong></span> 
     </span>
    </p>

    <p class='ocr_par' dir='ltr' id='par_1_5' title="bbox 181 2123 1326 2409">
     <span class='ocr_line' id='line_1_17' title="bbox 263 2123 1326 2208; baseline -0.002 -19"><span class='ocrx_word' id='word_1_151' title='bbox 263 2129 351 2208; x_wconf 84' lang='lat' dir='ltr'><strong>dspri</strong></span> <span class='ocrx_word' id='word_1_152' title='bbox 367 2127 581 2197; x_wconf 85' lang='lat' dir='ltr'><strong>dubitationem</strong></span> <span class='ocrx_word' id='word_1_153' title='bbox 605 2127 641 2186; x_wconf 93' lang='lat' dir='ltr'><strong>de</strong></span> <span class='ocrx_word' id='word_1_154' title='bbox 665 2127 828 2188; x_wconf 78' lang='lat' dir='ltr'><strong>‘sublustri</strong></span> <span class='ocrx_word' id='word_1_155' title='bbox 842 2127 938 2186; x_wconf 89' lang='lat' dir='ltr'><strong>noctis</strong></span> <span class='ocrx_word' id='word_1_156' title='bbox 954 2125 1077 2186; x_wconf 85' lang='lat' dir='ltr'><strong>umbra&#39;</strong></span> <span class='ocrx_word' id='word_1_157' title='bbox 1101 2125 1181 2206; x_wconf 85' lang='lat' dir='ltr'><strong>(Aen.</strong></span> <span class='ocrx_word' id='word_1_158' title='bbox 1200 2126 1239 2186; x_wconf 80' lang='lat' dir='ltr'><strong>lll</strong></span> <span class='ocrx_word' id='word_1_159' title='bbox 1253 2123 1326 2204; x_wconf 79' lang='lat'><strong>373)</strong></span> 
     </span>
     <span class='ocr_line' id='line_1_18' title="bbox 181 2225 1326 2310; baseline -0.003 -20"><span class='ocrx_word' id='word_1_160' title='bbox 181 2229 266 2290; x_wconf 86' lang='lat' dir='ltr'><strong>solvit</strong></span> <span class='ocrx_word' id='word_1_161' title='bbox 296 2231 448 2310; x_wconf 89' lang='lat' dir='ltr'><strong>aptissimo</strong></span> <span class='ocrx_word' id='word_1_162' title='bbox 471 2230 587 2290; x_wconf 91' lang='lat' dir='ltr'><strong>Horatii</strong></span> <span class='ocrx_word' id='word_1_163' title='bbox 615 2227 752 2308; x_wconf 81' lang='lat' dir='ltr'><strong>exemplo</strong></span> <span class='ocrx_word' id='word_1_164' title='bbox 781 2247 872 2288; x_wconf 91' lang='lat' dir='ltr'><strong>carm.</strong></span> <span class='ocrx_word' id='word_1_165' title='bbox 902 2225 1014 2297; x_wconf 79' lang='lat'><strong>11127,</strong></span> <span class='ocrx_word' id='word_1_166' title='bbox 1038 2225 1077 2288; x_wconf 86' lang='grc'><strong>31</strong></span> <span class='ocrx_word' id='word_1_167' title='bbox 1107 2227 1194 2288; x_wconf 89' lang='lat' dir='ltr'><strong>allato</strong></span> <span class='ocrx_word' id='word_1_168' title='bbox 1223 2227 1326 2308; x_wconf 87' lang='lat' dir='ltr'><strong>(schol.</strong></span> 
     </span>
     <span class='ocr_line' id='line_1_19' title="bbox 183 2329 1185 2409; baseline -0.002 -17"><span class='ocrx_word' id='word_1_169' title='bbox 183 2333 314 2408; x_wconf 80' lang='lat' dir='ltr'><strong>Veron),</strong></span> <span class='ocrx_word' id='word_1_170' title='bbox 339 2349 397 2409; x_wconf 85' lang='lat' dir='ltr'><strong>quo</strong></span> <span class='ocrx_word' id='word_1_171' title='bbox 422 2332 544 2391; x_wconf 86' lang='lat' dir='ltr'><strong>Servius</strong></span> <span class='ocrx_word' id='word_1_172' title='bbox 566 2347 685 2409; x_wconf 84' lang='lat' dir='ltr'><strong>quoque</strong></span> <span class='ocrx_word' id='word_1_173' title='bbox 708 2348 767 2390; x_wconf 92' lang='lat' dir='ltr'><strong>non</strong></span> <span class='ocrx_word' id='word_1_174' title='bbox 790 2332 942 2390; x_wconf 88' lang='lat' dir='ltr'><strong>nominato</strong></span> <span class='ocrx_word' id='word_1_175' title='bbox 964 2329 1062 2390; x_wconf 94' lang='lat' dir='ltr'><strong>Probo</strong></span> <span class='ocrx_word' id='word_1_176' title='bbox 1084 2331 1185 2390; x_wconf 87' lang='lat' dir='ltr'><strong>utitur.</strong></span> 
     </span>
    </p>

    <p class='ocr_par' dir='ltr' id='par_1_6' title="bbox 181 2431 1385 3126">
     <span class='ocr_line' id='line_1_20' title="bbox 264 2431 1327 2512; baseline -0.002 -18"><span class='ocrx_word' id='word_1_177' title='bbox 264 2434 306 2495; x_wconf 82' lang='lat' dir='ltr'><strong>Ad</strong></span> <span class='ocrx_word' id='word_1_178' title='bbox 331 2433 494 2494; x_wconf 81' lang='lat' dir='ltr'><strong>Aristarchi</strong></span> <span class='ocrx_word' id='word_1_179' title='bbox 516 2431 683 2511; x_wconf 87' lang='lat' dir='ltr'><strong>exemplum</strong></span> <span class='ocrx_word' id='word_1_180' title='bbox 709 2432 756 2508; x_wconf 86' lang='lat' dir='ltr'><strong>(cl.</strong></span> <span class='ocrx_word' id='word_1_181' title='bbox 781 2431 898 2492; x_wconf 85' lang='lat' dir='ltr'><strong>Lehrsii</strong></span> <span class='ocrx_word' id='word_1_182' title='bbox 920 2433 957 2492; x_wconf 93' lang='lat' dir='ltr'><strong>de</strong></span> <span class='ocrx_word' id='word_1_183' title='bbox 979 2433 1066 2493; x_wconf 86' lang='lat' dir='ltr'><strong>Arist.</strong></span> <span class='ocrx_word' id='word_1_184' title='bbox 1092 2431 1161 2492; x_wconf 88' lang='lat' dir='ltr'><strong>diss.</strong></span> <span class='ocrx_word' id='word_1_185' title='bbox 1186 2432 1227 2493; x_wconf 96' lang='lat' dir='ltr'><strong>lll</strong></span> <span class='ocrx_word' id='word_1_186' title='bbox 1249 2451 1274 2492; x_wconf 91' lang='lat' dir='ltr'><strong>c.</strong></span> <span class='ocrx_word' id='word_1_187' title='bbox 1299 2431 1327 2512; x_wconf 85' lang='lat'><strong>1)</strong></span> 
     </span>
     <span class='ocr_line' id='line_1_21' title="bbox 183 2532 1385 2620; baseline -0.001 -24"><span class='ocrx_word' id='word_1_188' title='bbox 183 2537 329 2614; x_wconf 88' lang='lat' dir='ltr'><strong>quaesivit</strong></span> <span class='ocrx_word' id='word_1_189' title='bbox 351 2555 409 2615; x_wconf 89' lang='lat' dir='ltr'><strong>qua</strong></span> <span class='ocrx_word' id='word_1_190' title='bbox 430 2541 530 2596; x_wconf 90' lang='lat' dir='ltr'><strong>mente</strong></span> <span class='ocrx_word' id='word_1_191' title='bbox 546 2532 669 2594; x_wconf 85' lang='lat' dir='ltr'><strong>dixisset</strong></span> <span class='ocrx_word' id='word_1_192' title='bbox 682 2541 770 2614; x_wconf 88' lang='lat' dir='ltr'><strong>pocta</strong></span> <span class='ocrx_word' id='word_1_193' title='bbox 794 2534 926 2594; x_wconf 72' lang='lat' dir='ltr'><strong>‘animos</strong></span> <span class='ocrx_word' id='word_1_194' title='bbox 942 2533 1081 2614; x_wconf 90' lang='lat' dir='ltr'><strong>aequabit</strong></span> <span class='ocrx_word' id='word_1_195' title='bbox 1097 2534 1238 2612; x_wconf 78' lang='lat' dir='ltr'><strong>Olympo&#39;</strong></span> <span class='ocrx_word' id='word_1_196' title='bbox 1255 2538 1326 2595; x_wconf 85' lang='lat' dir='ltr'><strong>Aen.</strong></span> <span class='ocrx_word' id='word_1_197' title='bbox 1383 2615 1385 2620; x_wconf 23' lang='grc' dir='ltr'>Ι</span> 
     </span>
     <span class='ocr_line' id='line_1_22' title="bbox 181 2635 1328 2716; baseline -0.003 -17"><span class='ocrx_word' id='word_1_198' title='bbox 181 2639 218 2699; x_wconf 91' lang='lat' dir='ltr'><strong>Vl</strong></span> <span class='ocrx_word' id='word_1_199' title='bbox 242 2635 318 2698; x_wconf 77' lang='lat'><strong>782:</strong></span> <span class='ocrx_word' id='word_1_200' title='bbox 345 2644 445 2698; x_wconf 89' lang='lat' dir='ltr'><strong>utrum</strong></span> <span class='ocrx_word' id='word_1_201' title='bbox 469 2644 501 2697; x_wconf 94' lang='lat' dir='ltr'><strong>ut</strong></span> <span class='ocrx_word' id='word_1_202' title='bbox 522 2636 673 2696; x_wconf 85' lang='lat' dir='ltr'><strong>Homerus</strong></span> <span class='ocrx_word' id='word_1_203' title='bbox 695 2644 827 2696; x_wconf 91' lang='lat' dir='ltr'><strong>montem</strong></span> <span class='ocrx_word' id='word_1_204' title='bbox 842 2636 1032 2697; x_wconf 84' lang='lat' dir='ltr'><strong>Macedoniae</strong></span> <span class='ocrx_word' id='word_1_205' title='bbox 1055 2655 1090 2697; x_wconf 89' lang='lat' dir='ltr'><strong>an</strong></span> <span class='ocrx_word' id='word_1_206' title='bbox 1114 2643 1148 2696; x_wconf 89' lang='lat' dir='ltr'><strong>ut</strong></span> <span class='ocrx_word' id='word_1_207' title='bbox 1169 2638 1232 2716; x_wconf 88' lang='lat' dir='ltr'><strong>ipse</strong></span> <span class='ocrx_word' id='word_1_208' title='bbox 1256 2637 1328 2697; x_wconf 90' lang='lat' dir='ltr'><strong>alias</strong></span> 
     </span>
     <span class='ocr_line' id='line_1_23' title="bbox 181 2736 1329 2822; baseline 0 -22"><span class='ocrx_word' id='word_1_209' title='bbox 181 2737 336 2822; x_wconf 81' lang='grc' dir='ltr'><strong>(1374Χ</strong></span> <span class='ocrx_word' id='word_1_210' title='bbox 361 2736 389 2818; x_wconf 77' lang='lat'><strong>1)</strong></span> <span class='ocrx_word' id='word_1_211' title='bbox 413 2739 527 2800; x_wconf 89' lang='lat' dir='ltr'><strong>caelum</strong></span> <span class='ocrx_word' id='word_1_212' title='bbox 552 2737 814 2819; x_wconf 73' lang='lat' dir='ltr'><strong>intellexisset**).</strong></span> <span class='ocrx_word' id='word_1_213' title='bbox 866 2739 939 2799; x_wconf 90' lang='lat' dir='ltr'><strong>Nam</strong></span> <span class='ocrx_word' id='word_1_214' title='bbox 969 2747 1051 2799; x_wconf 88' lang='lat' dir='ltr'><strong>certe</strong></span> <span class='ocrx_word' id='word_1_215' title='bbox 1074 2738 1201 2799; x_wconf 91' lang='lat' dir='ltr'><strong>multum</strong></span> <span class='ocrx_word' id='word_1_216' title='bbox 1226 2739 1329 2800; x_wconf 91' lang='lat' dir='ltr'><strong>aberat</strong></span> 
     </span>
     <span class='ocr_line' id='line_1_24' title="bbox 181 2821 1327 2921; baseline 0 -19"><span class='ocrx_word' id='word_1_217' title='bbox 181 2841 218 2903; x_wconf 92' lang='lat' dir='ltr'><strong>ab</strong></span> <span class='ocrx_word' id='word_1_218' title='bbox 243 2859 346 2902; x_wconf 85' lang='lat' dir='ltr'><strong>eorum</strong></span> <span class='ocrx_word' id='word_1_219' title='bbox 369 2841 538 2910; x_wconf 87' lang='lat' dir='ltr'><strong>securitate,</strong></span> <span class='ocrx_word' id='word_1_220' title='bbox 563 2841 614 2919; x_wconf 89' lang='lat' dir='ltr'><strong>qui</strong></span> <span class='ocrx_word' id='word_1_221' title='bbox 637 2847 796 2918; x_wconf 88' lang='lat' dir='ltr'><strong>utrumque</strong></span> <span class='ocrx_word' id='word_1_222' title='bbox 818 2821 942 2920; x_wconf 82' lang='lat' dir='ltr'><strong>perinde</strong></span> <span class='ocrx_word' id='word_1_223' title='bbox 957 2841 1104 2902; x_wconf 87' lang='lat' dir='ltr'><strong>haherent</strong></span> <span class='ocrx_word' id='word_1_224' title='bbox 1126 2849 1155 2902; x_wconf 88' lang='lat' dir='ltr'><strong>et</strong></span> <span class='ocrx_word' id='word_1_225' title='bbox 1171 2841 1327 2921; x_wconf 86' lang='lat' dir='ltr'><strong>Olympum</strong></span> 
     </span>
     <span class='ocr_line' id='line_1_25' title="bbox 183 2931 1364 3024; baseline 0 -20"><span class='ocrx_word' id='word_1_226' title='bbox 183 2945 268 3022; x_wconf 84' lang='lat' dir='ltr'><strong>quasi</strong></span> <span class='ocrx_word' id='word_1_227' title='bbox 290 2931 372 3004; x_wconf 81' lang='grc' dir='ltr'><strong><em>ὅλον</em></strong></span> <span class='ocrx_word' id='word_1_228' title='bbox 394 2935 550 3022; x_wconf 77' lang='grc' dir='ltr'><em>λαμπρὸν</em></span> <span class='ocrx_word' id='word_1_229' title='bbox 572 2941 618 3002; x_wconf 87' lang='lat' dir='ltr'><strong>vel</strong></span> <span class='ocrx_word' id='word_1_230' title='bbox 646 2933 820 3022; x_wconf 78' lang='grc' dir='ltr'><strong><em>ὁλολαμπῆ</em></strong></span> <span class='ocrx_word' id='word_1_231' title='bbox 846 2945 1042 3022; x_wconf 70' lang='lat' dir='ltr'><strong>ineptissime,</strong></span> <span class='ocrx_word' id='word_1_232' title='bbox 1057 2945 1329 3024; x_wconf 87' lang='lat' dir='ltr'><strong>interpretarentur</strong></span> <span class='ocrx_word' id='word_1_233' title='bbox 1360 3011 1364 3024; x_wconf 43' lang='lat'>,</span> 
     </span>
     <span class='ocr_line' id='line_1_26' title="bbox 182 3041 841 3126; baseline -0.003 -21"><span class='ocrx_word' id='word_1_234' title='bbox 182 3047 228 3126; x_wconf 89' lang='lat' dir='ltr'><strong>(cl.</strong></span> <span class='ocrx_word' id='word_1_235' title='bbox 254 3046 376 3107; x_wconf 78' lang='lat' dir='ltr'><strong>Servius</strong></span> <span class='ocrx_word' id='word_1_236' title='bbox 398 3045 434 3106; x_wconf 92' lang='lat' dir='ltr'><strong>ad</strong></span> <span class='ocrx_word' id='word_1_237' title='bbox 457 3046 483 3106; x_wconf 97' lang='lat' dir='ltr'><strong>ll</strong></span> <span class='ocrx_word' id='word_1_238' title='bbox 508 3041 569 3106; x_wconf 95' lang='grc'><strong>779</strong></span> <span class='ocrx_word' id='word_1_239' title='bbox 591 3041 729 3105; x_wconf 75' lang='lat'>1111268</span> <span class='ocrx_word' id='word_1_240' title='bbox 752 3044 779 3105; x_wconf 91' lang='lat' dir='ltr'>X</span> <span class='ocrx_word' id='word_1_241' title='bbox 803 3043 841 3122; x_wconf 85' lang='lat'><strong>1).</strong></span> 
     </span>
    </p>

    <p class='ocr_par' dir='ltr' id='par_1_7' title="bbox 182 3145 1329 3537">
     <span class='ocr_line' id='line_1_27' title="bbox 267 3145 1328 3227; baseline 0 -19"><span class='ocrx_word' id='word_1_242' title='bbox 267 3147 487 3227; x_wconf 88' lang='lat' dir='ltr'><strong>Philosophiam</strong></span> <span class='ocrx_word' id='word_1_243' title='bbox 503 3149 599 3224; x_wconf 87' lang='lat' dir='ltr'><strong>tetigit</strong></span> <span class='ocrx_word' id='word_1_244' title='bbox 613 3145 788 3206; x_wconf 88' lang='lat' dir='ltr'><strong>illustrando</strong></span> <span class='ocrx_word' id='word_1_245' title='bbox 803 3147 949 3206; x_wconf 89' lang='lat' dir='ltr'><strong>versiculo</strong></span> <span class='ocrx_word' id='word_1_246' title='bbox 973 3151 1007 3207; x_wconf 74' lang='lat' dir='ltr'><strong>‘o</strong></span> <span class='ocrx_word' id='word_1_247' title='bbox 1022 3155 1117 3226; x_wconf 89' lang='lat' dir='ltr'><strong>pater,</strong></span> <span class='ocrx_word' id='word_1_248' title='bbox 1142 3168 1158 3209; x_wconf 97' lang='lat' dir='ltr'><strong>o</strong></span> <span class='ocrx_word' id='word_1_249' title='bbox 1174 3149 1328 3208; x_wconf 89' lang='lat' dir='ltr'><strong>hominum</strong></span> 
     </span>
     <span class='ocr_line' id='line_1_28' title="bbox 182 3245 1329 3330; baseline 0.001 -21"><span class='ocrx_word' id='word_1_250' title='bbox 182 3267 344 3326; x_wconf 87' lang='lat' dir='ltr'><strong>rerumque</strong></span> <span class='ocrx_word' id='word_1_251' title='bbox 367 3257 488 3310; x_wconf 90' lang='lat' dir='ltr'><strong>aeterua</strong></span> <span class='ocrx_word' id='word_1_252' title='bbox 510 3253 658 3328; x_wconf 89' lang='lat' dir='ltr'><strong>potestas&#39;</strong></span> <span class='ocrx_word' id='word_1_253' title='bbox 682 3248 806 3324; x_wconf 81' lang='lat' dir='ltr'><strong>(demX</strong></span> <span class='ocrx_word' id='word_1_254' title='bbox 831 3245 890 3328; x_wconf 89' lang='lat'><strong>18),</strong></span> <span class='ocrx_word' id='word_1_255' title='bbox 915 3267 970 3309; x_wconf 91' lang='lat' dir='ltr'><strong>nec</strong></span> <span class='ocrx_word' id='word_1_256' title='bbox 994 3249 1095 3310; x_wconf 93' lang='lat' dir='ltr'><strong>dubito</strong></span> <span class='ocrx_word' id='word_1_257' title='bbox 1120 3251 1189 3330; x_wconf 90' lang='lat' dir='ltr'><strong>quin</strong></span> <span class='ocrx_word' id='word_1_258' title='bbox 1212 3251 1329 3310; x_wconf 89' lang='lat' dir='ltr'><strong>Servius</strong></span> 
     </span>
     <span class='ocr_line' id='line_1_29' title="bbox 183 3343 1327 3430; baseline 0.001 -18"><span class='ocrx_word' id='word_1_259' title='bbox 183 3353 320 3430; x_wconf 88' lang='lat' dir='ltr'><strong>copiosae</strong></span> <span class='ocrx_word' id='word_1_260' title='bbox 343 3343 558 3430; x_wconf 67' lang='lat' dir='ltr'><strong>disputationis·</strong></span> <span class='ocrx_word' id='word_1_261' title='bbox 572 3349 700 3427; x_wconf 87' lang='lat' dir='ltr'><strong>(qualem</strong></span> <span class='ocrx_word' id='word_1_262' title='bbox 723 3351 754 3410; x_wconf 92' lang='lat' dir='ltr'><strong>in</strong></span> <span class='ocrx_word' id='word_1_263' title='bbox 776 3352 842 3429; x_wconf 93' lang='lat' dir='ltr'><strong>ipso</strong></span> <span class='ocrx_word' id='word_1_264' title='bbox 864 3348 955 3411; x_wconf 94' lang='lat' dir='ltr'><strong>Probi</strong></span> <span class='ocrx_word' id='word_1_265' title='bbox 978 3355 1190 3412; x_wconf 87' lang='lat' dir='ltr'><strong>commentario</strong></span> <span class='ocrx_word' id='word_1_266' title='bbox 1209 3353 1250 3430; x_wconf 80' lang='lat' dir='ltr'><strong>¹ad</strong></span> <span class='ocrx_word' id='word_1_267' title='bbox 1273 3353 1327 3413; x_wconf 92' lang='lat' dir='ltr'><strong>eol.</strong></span> 
     </span>
     <span class='ocr_line' id='line_1_30' title="bbox 182 3451 959 3537; baseline 0 -23"><span class='ocrx_word' id='word_1_268' title='bbox 182 3454 220 3514; x_wconf 92' lang='lat' dir='ltr'><strong>Vl</strong></span> <span class='ocrx_word' id='word_1_269' title='bbox 241 3451 281 3514; x_wconf 90' lang='lat'><strong>31</strong></span> <span class='ocrx_word' id='word_1_270' title='bbox 306 3453 441 3531; x_wconf 77' lang='lat' dir='ltr'><strong>legimus]</strong></span> <span class='ocrx_word' id='word_1_271' title='bbox 470 3470 615 3512; x_wconf 89' lang='lat' dir='ltr'><strong>summam</strong></span> <span class='ocrx_word' id='word_1_272' title='bbox 638 3457 754 3511; x_wconf 89' lang='lat' dir='ltr'><strong>tantum</strong></span> <span class='ocrx_word' id='word_1_273' title='bbox 777 3451 959 3537; x_wconf 88' lang='lat' dir='ltr'><strong>delibaverit.</strong></span> 
     </span>
    </p>
   </div>
   <div class='ocr_carea' id='block_1_4' title="bbox 143 3720 1331 4640">
    <p class='ocr_par' dir='ltr' id='par_1_8' title="bbox 143 3720 1331 4048">
     <span class='ocr_line' id='line_1_31' title="bbox 143 3720 1328 3792; baseline 0.004 -18"><span class='ocrx_word' id='word_1_274' title='bbox 143 3757 149 3766; x_wconf 86' lang='lat'><em>-</em></span> <span class='ocrx_word' id='word_1_275' title='bbox 252 3725 279 3791; x_wconf 86' lang='lat'><strong>*)</strong></span> <span class='ocrx_word' id='word_1_276' title='bbox 298 3725 409 3776; x_wconf 82' lang='lat' dir='ltr'><strong>Servius</strong></span> <span class='ocrx_word' id='word_1_277' title='bbox 434 3724 578 3774; x_wconf 82' lang='lat' dir='ltr'><strong>Parisinus</strong></span> <span class='ocrx_word' id='word_1_278' title='bbox 603 3720 653 3788; x_wconf 83' lang='lat' dir='ltr'><strong>(cf.</strong></span> <span class='ocrx_word' id='word_1_279' title='bbox 674 3723 706 3777; x_wconf 84' lang='lat' dir='ltr'><strong>G.</strong></span> <span class='ocrx_word' id='word_1_280' title='bbox 725 3724 807 3774; x_wconf 89' lang='lat' dir='ltr'><strong>Thilo</strong></span> <span class='ocrx_word' id='word_1_281' title='bbox 829 3740 896 3778; x_wconf 87' lang='lat' dir='ltr'><strong>mus.</strong></span> <span class='ocrx_word' id='word_1_282' title='bbox 919 3725 1006 3780; x_wconf 87' lang='lat' dir='ltr'><strong>Rhen.</strong></span> <span class='ocrx_word' id='word_1_283' title='bbox 1030 3728 1081 3778; x_wconf 86' lang='lat' dir='ltr'><strong>XV</strong></span> <span class='ocrx_word' id='word_1_284' title='bbox 1106 3725 1181 3792; x_wconf 78' lang='lat'>147):</span> <span class='ocrx_word' id='word_1_285' title='bbox 1208 3729 1328 3779; x_wconf 77' lang='lat' dir='ltr'><strong>‘Probus</strong></span> 
     </span>
     <span class='ocr_line' id='line_1_32' title="bbox 185 3807 1330 3876; baseline 0.003 -16"><span class='ocrx_word' id='word_1_286' title='bbox 185 3815 282 3861; x_wconf 84' lang='lat' dir='ltr'><strong>altorio</strong></span> <span class='ocrx_word' id='word_1_287' title='bbox 299 3811 371 3860; x_wconf 87' lang='lat' dir='ltr'><strong>idem</strong></span> <span class='ocrx_word' id='word_1_288' title='bbox 393 3807 484 3876; x_wconf 88' lang='lat' dir='ltr'><strong>[quod]</strong></span> <span class='ocrx_word' id='word_1_289' title='bbox 503 3812 529 3858; x_wconf 88' lang='lat' dir='ltr'><strong>in</strong></span> <span class='ocrx_word' id='word_1_290' title='bbox 547 3811 643 3859; x_wconf 83' lang='lat' dir='ltr'><strong>ultorio</strong></span> <span class='ocrx_word' id='word_1_291' title='bbox 661 3809 729 3858; x_wconf 87' lang='lat' dir='ltr'><strong>dicit</strong></span> <span class='ocrx_word' id='word_1_292' title='bbox 748 3813 776 3858; x_wconf 85' lang='lat' dir='ltr'><strong>at</strong></span> <span class='ocrx_word' id='word_1_293' title='bbox 791 3813 893 3874; x_wconf 83' lang='lat' dir='ltr'><strong>poteris</strong></span> <span class='ocrx_word' id='word_1_294' title='bbox 909 3826 958 3875; x_wconf 92' lang='lat' dir='ltr'><strong>pro</strong></span> <span class='ocrx_word' id='word_1_295' title='bbox 977 3827 1012 3861; x_wconf 73' lang='lat' dir='ltr'><strong>err</strong></span> <span class='ocrx_word' id='word_1_296' title='bbox 1026 3814 1136 3875; x_wconf 80' lang='lat' dir='ltr'><strong>pateris.</strong></span> <span class='ocrx_word' id='word_1_297' title='bbox 1172 3818 1220 3862; x_wconf 82' lang='lat' dir='ltr'><strong>aut</strong></span> <span class='ocrx_word' id='word_1_298' title='bbox 1236 3815 1330 3865; x_wconf 88' lang='lat' dir='ltr'><strong>vinum</strong></span> 
     </span>
     <span class='ocr_line' id='line_1_33' title="bbox 186 3895 1331 3961; baseline 0.006 -17"><span class='ocrx_word' id='word_1_299' title='bbox 186 3896 290 3945; x_wconf 86' lang='lat' dir='ltr'><strong>altaria</strong></span> <span class='ocrx_word' id='word_1_300' title='bbox 308 3895 507 3961; x_wconf 84' lang='lat' dir='ltr'><strong>intelligamus.</strong></span> <span class='ocrx_word' id='word_1_301' title='bbox 544 3910 578 3944; x_wconf 85' lang='lat' dir='ltr'><strong>aa</strong></span> <span class='ocrx_word' id='word_1_302' title='bbox 596 3895 681 3953; x_wconf 88' lang='lat' dir='ltr'><strong>enim,</strong></span> <span class='ocrx_word' id='word_1_303' title='bbox 706 3896 824 3959; x_wconf 88' lang='lat' dir='ltr'><strong>quaein</strong></span> <span class='ocrx_word' id='word_1_304' title='bbox 842 3895 944 3945; x_wconf 79' lang='lat' dir='ltr'><strong>altaria</strong></span> <span class='ocrx_word' id='word_1_305' title='bbox 964 3896 1126 3960; x_wconf 84' lang='lat' dir='ltr'><strong>funduntur,</strong></span> <span class='ocrx_word' id='word_1_306' title='bbox 1151 3898 1254 3948; x_wconf 85' lang='lat' dir='ltr'><strong>altaria</strong></span> <span class='ocrx_word' id='word_1_307' title='bbox 1275 3900 1331 3950; x_wconf 85' lang='lat' dir='ltr'><strong>dici</strong></span> 
     </span>
     <span class='ocr_line' id='line_1_34' title="bbox 184 3980 305 4048; baseline -0.017 -16"><span class='ocrx_word' id='word_1_308' title='bbox 184 3980 305 4048; x_wconf 47' lang='lat' dir='ltr'><strong>voluit?</strong></span> 
     </span>
    </p>

    <p class='ocr_par' dir='ltr' id='par_1_9' title="bbox 185 4063 1331 4557">
     <span class='ocr_line' id='line_1_35' title="bbox 236 4063 1330 4133; baseline 0.005 -19"><span class='ocrx_word' id='word_1_309' title='bbox 236 4063 281 4128; x_wconf 80' lang='lat'><strong>**)</strong></span> <span class='ocrx_word' id='word_1_310' title='bbox 301 4065 412 4116; x_wconf 82' lang='lat' dir='ltr'><strong>Servius</strong></span> <span class='ocrx_word' id='word_1_311' title='bbox 440 4063 489 4114; x_wconf 78' lang='lat' dir='ltr'><strong>‘de</strong></span> <span class='ocrx_word' id='word_1_312' title='bbox 516 4063 568 4114; x_wconf 93' lang='lat' dir='ltr'><strong>hoc</strong></span> <span class='ocrx_word' id='word_1_313' title='bbox 596 4069 687 4114; x_wconf 84' lang='lat' dir='ltr'><strong>autem</strong></span> <span class='ocrx_word' id='word_1_314' title='bbox 715 4064 775 4115; x_wconf 90' lang='lat' dir='ltr'><strong>loco</strong></span> <span class='ocrx_word' id='word_1_315' title='bbox 803 4069 830 4114; x_wconf 88' lang='lat' dir='ltr'><strong>et</strong></span> <span class='ocrx_word' id='word_1_316' title='bbox 852 4065 959 4129; x_wconf 84' lang='lat' dir='ltr'><strong>Trogus</strong></span> <span class='ocrx_word' id='word_1_317' title='bbox 988 4069 1016 4115; x_wconf 83' lang='lat' dir='ltr'><strong>et</strong></span> <span class='ocrx_word' id='word_1_318' title='bbox 1035 4067 1140 4117; x_wconf 91' lang='lat' dir='ltr'><strong>Probus</strong></span> <span class='ocrx_word' id='word_1_319' title='bbox 1169 4075 1330 4133; x_wconf 84' lang='lat' dir='ltr'><strong>quaerunt.’</strong></span> 
     </span>
     <span class='ocr_line' id='line_1_36' title="bbox 185 4149 1330 4217; baseline 0.005 -17"><span class='ocrx_word' id='word_1_320' title='bbox 185 4151 304 4215; x_wconf 85' lang='lat' dir='ltr'><strong>Trogum</strong></span> <span class='ocrx_word' id='word_1_321' title='bbox 322 4149 529 4202; x_wconf 82' lang='lat' dir='ltr'><strong>Gutschmidius</strong></span> <span class='ocrx_word' id='word_1_322' title='bbox 547 4150 576 4198; x_wconf 92' lang='lat' dir='ltr'><strong>in</strong></span> <span class='ocrx_word' id='word_1_323' title='bbox 595 4166 658 4204; x_wconf 86' lang='lat' dir='ltr'><strong>ann.</strong></span> <span class='ocrx_word' id='word_1_324' title='bbox 676 4150 782 4215; x_wconf 93' lang='lat' dir='ltr'><strong>philoll.</strong></span> <span class='ocrx_word' id='word_1_325' title='bbox 801 4151 935 4216; x_wconf 84' lang='lat' dir='ltr'><strong>supplem.</strong></span> <span class='ocrx_word' id='word_1_326' title='bbox 954 4152 983 4201; x_wconf 80' lang='grc' dir='ltr'><strong>ΙΙ</strong></span> <span class='ocrx_word' id='word_1_327' title='bbox 1000 4168 1025 4217; x_wconf 92' lang='lat' dir='ltr'><strong>p.</strong></span> <span class='ocrx_word' id='word_1_328' title='bbox 1047 4154 1095 4202; x_wconf 82' lang='lat'><strong>192</strong></span> <span class='ocrx_word' id='word_1_329' title='bbox 1114 4155 1231 4204; x_wconf 82' lang='lat' dir='ltr'><strong>coniecit</strong></span> <span class='ocrx_word' id='word_1_330' title='bbox 1250 4156 1330 4206; x_wconf 84' lang='lat' dir='ltr'><strong>initio</strong></span> 
     </span>
     <span class='ocr_line' id='line_1_37' title="bbox 185 4234 1329 4305; baseline 0.005 -21"><span class='ocrx_word' id='word_1_331' title='bbox 185 4236 250 4285; x_wconf 90' lang='lat' dir='ltr'><strong>libri</strong></span> <span class='ocrx_word' id='word_1_332' title='bbox 268 4236 414 4284; x_wconf 87' lang='lat' dir='ltr'>XXXXIII</span> <span class='ocrx_word' id='word_1_333' title='bbox 430 4234 608 4285; x_wconf 86' lang='lat' dir='ltr'><strong>historiarum</strong></span> <span class='ocrx_word' id='word_1_334' title='bbox 626 4236 855 4301; x_wconf 86' lang='lat' dir='ltr'><strong>Philippicarum,</strong></span> <span class='ocrx_word' id='word_1_335' title='bbox 875 4238 924 4288; x_wconf 87' lang='lat' dir='ltr'><strong>ubi</strong></span> <span class='ocrx_word' id='word_1_336' title='bbox 943 4237 976 4286; x_wconf 87' lang='lat' dir='ltr'><strong>de</strong></span> <span class='ocrx_word' id='word_1_337' title='bbox 994 4237 1071 4287; x_wconf 84' lang='lat' dir='ltr'><strong>urbis</strong></span> <span class='ocrx_word' id='word_1_338' title='bbox 1088 4239 1243 4303; x_wconf 82' lang='lat' dir='ltr'><strong>primordiis</strong></span> <span class='ocrx_word' id='word_1_339' title='bbox 1263 4241 1329 4305; x_wconf 82' lang='lat' dir='ltr'><strong>egit,</strong></span> 
     </span>
     <span class='ocr_line' id='line_1_38' title="bbox 186 4320 1330 4388; baseline 0.003 -18"><span class='ocrx_word' id='word_1_340' title='bbox 186 4321 263 4370; x_wconf 89' lang='lat' dir='ltr'><strong>illum</strong></span> <span class='ocrx_word' id='word_1_341' title='bbox 283 4320 410 4384; x_wconf 84' lang='lat' dir='ltr'><strong>aequalis</strong></span> <span class='ocrx_word' id='word_1_342' title='bbox 428 4325 528 4385; x_wconf 87' lang='lat' dir='ltr'><strong>poetae</strong></span> <span class='ocrx_word' id='word_1_343' title='bbox 547 4320 637 4370; x_wconf 90' lang='lat' dir='ltr'><strong>locum</strong></span> <span class='ocrx_word' id='word_1_344' title='bbox 655 4321 823 4372; x_wconf 83' lang='lat' dir='ltr'><strong>laudavisse.</strong></span> <span class='ocrx_word' id='word_1_345' title='bbox 859 4321 943 4372; x_wconf 86' lang='lat' dir='ltr'><strong>Cuius</strong></span> <span class='ocrx_word' id='word_1_346' title='bbox 963 4323 1052 4388; x_wconf 83' lang='lat' dir='ltr'><strong>copiis</strong></span> <span class='ocrx_word' id='word_1_347' title='bbox 1070 4323 1190 4373; x_wconf 85' lang='lat' dir='ltr'><strong>fortasse</strong></span> <span class='ocrx_word' id='word_1_348' title='bbox 1209 4340 1274 4374; x_wconf 87' lang='lat' dir='ltr'><strong>usus</strong></span> <span class='ocrx_word' id='word_1_349' title='bbox 1288 4329 1330 4374; x_wconf 87' lang='lat' dir='ltr'><strong>est</strong></span> 
     </span>
     <span class='ocr_line' id='line_1_39' title="bbox 185 4405 1331 4472; baseline 0.002 -17"><span class='ocrx_word' id='word_1_350' title='bbox 185 4407 306 4456; x_wconf 83' lang='lat' dir='ltr'><strong>Probus:</strong></span> <span class='ocrx_word' id='word_1_351' title='bbox 330 4422 394 4456; x_wconf 91' lang='lat' dir='ltr'><strong>nam</strong></span> <span class='ocrx_word' id='word_1_352' title='bbox 419 4405 567 4455; x_wconf 85' lang='lat' dir='ltr'><strong>adhibetur</strong></span> <span class='ocrx_word' id='word_1_353' title='bbox 588 4406 673 4472; x_wconf 80' lang='lat' dir='ltr'><strong>Trogi</strong></span> <span class='ocrx_word' id='word_1_354' title='bbox 696 4407 847 4457; x_wconf 82' lang='lat' dir='ltr'><strong>auctoritas</strong></span> <span class='ocrx_word' id='word_1_355' title='bbox 872 4424 888 4456; x_wconf 89' lang='lat' dir='ltr'><strong>a</strong></span> <span class='ocrx_word' id='word_1_356' title='bbox 912 4410 1007 4460; x_wconf 86' lang='lat' dir='ltr'><strong>Servio</strong></span> <span class='ocrx_word' id='word_1_357' title='bbox 1032 4410 1115 4458; x_wconf 86' lang='lat' dir='ltr'><strong>etiam</strong></span> <span class='ocrx_word' id='word_1_358' title='bbox 1139 4408 1174 4458; x_wconf 90' lang='lat' dir='ltr'><strong>ad</strong></span> <span class='ocrx_word' id='word_1_359' title='bbox 1197 4409 1264 4462; x_wconf 86' lang='lat' dir='ltr'><strong>Aen.</strong></span> <span class='ocrx_word' id='word_1_360' title='bbox 1289 4411 1331 4460; x_wconf 85' lang='grc' dir='ltr'><strong>ΙΙΙ</strong></span> 
     </span>
     <span class='ocr_line' id='line_1_40' title="bbox 187 4489 1012 4557; baseline 0.001 -16"><span class='ocrx_word' id='word_1_361' title='bbox 187 4493 235 4542; x_wconf 85' lang='grc'><strong>108</strong></span> <span class='ocrx_word' id='word_1_362' title='bbox 254 4496 282 4542; x_wconf 86' lang='lat' dir='ltr'><strong>et</strong></span> <span class='ocrx_word' id='word_1_363' title='bbox 299 4492 355 4542; x_wconf 90' lang='lat'><em>1111</em></span> <span class='ocrx_word' id='word_1_364' title='bbox 374 4493 406 4542; x_wconf 87' lang='grc'><strong>37</strong></span> <span class='ocrx_word' id='word_1_365' title='bbox 426 4495 454 4540; x_wconf 82' lang='lat' dir='ltr'><strong>et</strong></span> <span class='ocrx_word' id='word_1_366' title='bbox 473 4508 489 4540; x_wconf 86' lang='lat' dir='ltr'><strong>a</strong></span> <span class='ocrx_word' id='word_1_367' title='bbox 507 4489 682 4556; x_wconf 83' lang='lat' dir='ltr'><strong>Philargyrio</strong></span> <span class='ocrx_word' id='word_1_368' title='bbox 701 4492 735 4541; x_wconf 85' lang='lat' dir='ltr'><strong>ad</strong></span> <span class='ocrx_word' id='word_1_369' title='bbox 755 4509 798 4557; x_wconf 85' lang='lat' dir='ltr'><strong>ge.</strong></span> <span class='ocrx_word' id='word_1_370' title='bbox 817 4495 873 4544; x_wconf 91' lang='lat' dir='ltr'><strong>IIlI</strong></span> <span class='ocrx_word' id='word_1_371' title='bbox 892 4496 950 4544; x_wconf 84' lang='grc'><strong>387.</strong></span> <span class='ocrx_word' id='word_1_372' title='bbox 1009 4527 1012 4542; x_wconf 80' lang='lat'>.</span> 
     </span>
    </p>

    <p class='ocr_par' dir='ltr' id='par_1_10' title="bbox 238 4575 1127 4640">
     <span class='ocr_line' id='line_1_41' title="bbox 238 4575 1127 4640; baseline -0.001 -15"><span class='ocrx_word' id='word_1_373' title='bbox 238 4593 373 4640; x_wconf 72' lang='lat' dir='ltr'><strong>arbonen,</strong></span> <span class='ocrx_word' id='word_1_374' title='bbox 392 4593 554 4627; x_wconf 51' lang='lat' dir='ltr'><strong>aaorruoou.</strong></span> <span class='ocrx_word' id='word_1_375' title='bbox 1088 4575 1127 4638; x_wconf 87' lang='lat'><strong>10</strong></span> 
     </span>
    </p>
   </div>
   <div class='ocr_carea' id='block_1_5' title="bbox 0 0 1656 5050">
    <p class='ocr_par' dir='ltr' id='par_1_11' title="bbox 0 0 1656 5050">
     <span class='ocr_line' id='line_1_42' title="bbox 0 0 1656 5050; baseline 0 0"><span class='ocrx_word' id='word_1_376' title='bbox 0 0 1656 5050; x_wconf 95' lang='lat' dir='ltr'><strong> </strong></span> 
     </span>
    </p>
   </div>
  </div>
 </body>
</html>
