3230 5046
301 353 364 416 232
754 368 996 412 rnocncounua.

293 559 417 620 ‘quoque
444 543 481 614 Ε,
511 540 582 602 item
610 536 710 616 proF
741 535 886 613 anguillae
914 535 1018 595 similis
1046 553 1084 613 ς,
1120 553 1175 614 pro
1202 535 1215 595 l
1244 535 1336 596 vocali
1364 537 1447 613 quasi

301 659 444 702 numerus
483 639 620 699 arabicus
660 635 785 717 simplex
816 635 833 696 l
873 627 998 714 legitur,
1039 635 1155 697 litterae
1188 637 1213 707 Q
1247 637 1350 698 eadem
1384 638 1448 698 lere

266 742 273 747 “
300 747 395 805 lorma
425 759 501 818 quae
531 742 561 800 in
594 738 747 799 Prudentii
782 737 883 798 codice
918 738 1010 814 estQ
1043 737 1130 816 (apud
1162 737 1356 798 Prudentium
1388 740 1445 818 ρ),

301 845 408 923 duplex
443 843 537 903 lorma
572 841 736 902 litterarum
761 841 782 900 G
808 839 840 916 (l,
866 846 894 899 et
916 839 962 918 b),
993 839 1078 918 Hlla
1111 846 1140 899 ct
1165 839 1221 918 Η),
1253 840 1331 918 Pte
1355 839 1445 918 εῑῬ),

301 949 325 1007 T
360 946 392 1026 (l
429 951 458 1004 et
490 943 557 1022 ἶ),1
584 961 671 1022 quam
703 942 831 1000 maxime
868 940 996 1016 denique
1035 942 1113 1001 varia
1146 940 1255 1000 vocalis
1289 943 1312 1000 V
1347 939 1383 1018 (V
1419 939 1450 997 lt

303 1047 369 1120 llll
398 1049 419 1120 ll
447 1053 477 1105 et
500 1061 575 1121 quae
598 1046 675 1104 inter
701 1043 755 1102 has
786 1041 883 1102 media
915 1049 997 1102 sunt:
1037 1041 1060 1122 y
1089 1043 1119 1101 in
1151 1041 1305 1103 Prudentii
1327 1043 1445 1121 codice).

271 1172 272 1176 ¹
301 1147 421 1210 Accedit
444 1154 541 1207 autem
565 1145 601 1205 ad
630 1144 720 1204 huius
750 1142 860 1212 codicis
891 1141 1114 1204 similitudinem
1143 1145 1223 1204 inter
1245 1163 1349 1204 omnes
1371 1151 1446 1204 cete-

302 1269 352 1310 ros
386 1255 528 1325 quantum
562 1245 646 1306 video
678 1247 814 1324 proxime
842 1243 1057 1305 Ambrosianus
1087 1245 1348 1306 Ciceronianarum
1383 1265 1447 1306 ora·

303 1353 415 1412 tionum
457 1348 522 1427 (pro
562 1348 674 1410 Scauro
709 1343 775 1424 etc.)
816 1343 1036 1424 palimpsestus.
1103 1348 1199 1422 Atque
1243 1347 1367 1408 eandem
1403 1347 1447 1406 vel

304 1453 377 1514 adeo
400 1452 543 1512 maiorem
566 1449 730 1508 lormarum
764 1449 935 1510 varietatem
957 1449 989 1511 in
1017 1449 1111 1508 muris
1134 1448 1322 1527 Pompeianis
1344 1468 1433 1529 agnos

302 1557 396 1615 cimus
420 1551 505 1632 ‚lvide
533 1551 564 1608 in
587 1549 741 1610 Ritschelii
770 1549 909 1610 thesauro
938 1548 996 1610 tab.
1024 1547 1102 1610 XVll
1121 1569 1152 1614 n.
1177 1547 1228 1612 28.
1250 1548 1308 1622 30,
1344 1553 1449 1630 quibus

302 1655 391 1735 paulo
415 1653 587 1730 diligentius
609 1653 738 1730 scriptae
761 1647 803 1712 23
826 1659 856 1710 et
876 1647 938 1730 22).

386 1757 465 1832 Ergo
497 1772 552 1832 per
574 1772 606 1814 se
627 1753 721 1814 multo
743 1753 841 1814 minus
866 1752 901 1812 ad
920 1753 1061 1813 amussim
1078 1755 1223 1832 scriptum
1243 1756 1395 1836 exemplar
1406 1757 1450 1816 rel

237 1887 239 1892 v
303 1856 542 1938 splendidissimo
559 1863 588 1916 et
609 1853 832 1916 accuratissimo
856 1861 996 1931 quattuor
1016 1853 1091 1914 adeo
1114 1854 1239 1916 saeculis
1261 1864 1361 1935 potest
1379 1861 1450 1920 anti-

303 1957 390 2040 quius
403 1977 480 2026 esse,
494 1975 549 2016 nec
561 1955 770 2016 abstinuerunt
781 1955 827 2014 vel
840 1957 937 2034 primo
953 1955 1071 2016 saeculo
1087 1955 1200 2018 librarii
1213 1957 1451 2036 neglegentiores

302 2063 406 2122 lormis
418 2059 583 2120 litterarum
595 2057 819 2144 rotundioribus
834 2065 863 2116 et
874 2057 991 2117 cursivo
1006 2059 1110 2134 generi
1123 2057 1326 2121 similioribus.
1342 2061 1452 2124 Imitari

303 2171 403 2224 autem
415 2159 459 2248 vel
471 2157 863 2238 pulcherrimas'litterarum
873 2157 1043 2237 capitalium
1054 2159 1167 2218 lormas
1179 2161 1209 2220 in
1223 2163 1316 2223 sacris
1326 2163 1451 2224 maxime

307 2263 392 2326 libris
409 2270 438 2323 et
460 2264 488 2322 in
506 2261 607 2321 titulis
630 2259 936 2338 subscriptionibusve
958 2278 996 2320 ne
1018 2267 1086 2338 post
1102 2262 1237 2337 quintum
1253 2263 1373 2341 quidem
1390 2283 1450 2326 sae-

307 2365 406 2425 culum
419 2362 563 2440 usquead
576 2363 724 2422 decimum
736 2361 952 2426 dedidicerunt.
982 2362 1090 2421 lllixtae
1110 2381 1145 2422 ex
1164 2363 1338 2442 capitalibus
1357 2373 1386 2426 et
1398 2367 1450 2426 nri-

304 2466 428 2530 noribus
452 2465 558 2524 litteris
581 2465 746 2542 scripturae
769 2461 937 2539 exemplum
962 2461 1041 2539 quod
1064 2469 1163 2524 certae
1186 2463 1335 2542 adsignari
1359 2469 1452 2546 possit

306 2568 564 2653 aetati'rlugustini
580 2564 798 2626 Bellovacensis
814 2563 890 2641 apud
906 2563 1108 2624 Mabillonium
1132 2584 1160 2644 p.
1177 2562 1238 2626 357
1262 2585 1291 2626 n.
1315 2565 1336 2628 3
1360 2569 1450 2628 codex

305 2677 358 2738 est,
383 2667 675 2744 cuiussubscriptin
699 2660 734 2724 ad
759 2683 869 2724 annum
891 2661 954 2726 625
975 2667 1118 2742 pertinet.
1171 2666 1202 2726 ln
1232 2683 1381 2743 quocum
1404 2689 1450 2730 ca·

304 2770 408 2850 pitales
424 2771 483 2830 sint
498 2770 514 2831 t
532 2769 554 2847 l,
570 2767 656 2828 lL.N
669 2767 693 2828 0
705 2765 730 2826 R
744 2765 764 2824 S
776 2766 816 2833 T,
841 2765 1020 2827 maiusculae
1039 2770 1064 2828 d
1078 2763 1101 2828 b
1118 2773 1153 2822 (tt
1169 2777 1189 2831 t
1206 2770 1247 2838 ll,
1272 2770 1451 2832 minusculae

312 2864 329 2927 ὸ
355 2891 371 2931 e
394 2867 415 2931 h
438 2891 459 2954 p
482 2891 517 2953 q,
549 2871 717 2930 universam
741 2865 860 2942 quidem
883 2867 961 2926 hanc
983 2886 1118 2928 normam
1147 2887 1215 2930 vere
1238 2870 1373 2932 videmur
1395 2879 1449 2932 sta·

300 2983 404 3040 tuere,
428 2981 462 3032 ut
484 2970 609 3034 saeculis
632 2977 716 3028 sexto
740 2977 769 3026 et
791 2970 918 3046 septimo
942 2970 969 3038 ei
991 2968 1162 3030 tribuantur
1184 2969 1268 3040 libri,
1291 2973 1322 3032 in
1346 2973 1451 3054 quibus

305 3076 396 3134 mixta
419 3080 583 3158 appareant
605 3071 770 3145 litterarum
798 3088 925 3147 genera,
960 3087 995 3130 eo
1025 3078 1124 3132 autem
1152 3073 1277 3150 propius
1307 3075 1450 3153 attingere

307 3177 441 3252 quintum
466 3173 616 3236 saeculum
640 3171 772 3232 codicem
797 3189 855 3248 quo
870 3171 973 3250 plures
989 3175 1149 3234 servaverit
1171 3173 1287 3253 litteras
1303 3175 1449 3256 capitales,

310 3284 453 3346 octavum,
477 3295 536 3354 quc
559 3273 661 3353 plures
683 3273 836 3334 admiserit
857 3271 1045 3334 maiusculas.

327 3457 330 3460 Ι
392 3377 450 3438 Sed
472 3378 551 3438 inter
572 3375 756 3452 Vergilianus
785 3374 904 3436 codices
932 3376 1153 3450 antiquissimos
1182 3385 1296 3456 septem
1325 3377 1380 3439 bae
1407 3381 1450 3439 in·

310 3479 470 3540 tercedunt
493 3479 658 3556 scripturae
681 3479 822 3538 rationes.
846 3477 971 3536 Maxima
986 3476 1182 3537 similitudine
1204 3479 1282 3538 inter
1304 3498 1337 3539 se
1360 3481 1451 3540 conti·

308 3587 417 3640 nentur
440 3577 476 3638 ab
504 3577 598 3640 altera
630 3586 714 3658 parte
741 3578 871 3639 schedae
894 3578 921 3638 Α
949 3584 978 3638 et
1002 3581 1027 3638 G
1055 3578 1094 3656 (id
1123 3579 1203 3656 quod
1230 3598 1291 3640 non
1321 3581 1402 3658 lugit-
1417 3581 1449 3641 Ε.

308 3682 519 3742 llollmannum
553 3699 620 3740 curn
649 3681 758 3742 Pertzii
786 3681 938 3740 inventum
974 3681 1123 3742 enarravit
1149 3682 1180 3740 in
1208 3680 1324 3759 ephem.
1354 3700 1450 3762 gynrn.

305 3785 403 3843 dustr.
429 3800 506 3842 anno
531 3778 613 3844 1865
635 3757 664 3860 ps
690 3777 770 3860 132),
795 3780 831 3842 ab
855 3781 946 3842 altera
970 3783 1047 3842 Pet
1068 3782 1097 3842 R
1120 3780 1246 3858 codices.
1291 3783 1364 3844 Nam
1386 3782 1451 3843 illae

308 3902 375 3946 curn
399 3882 578 3960 largioribus
602 3890 632 3942 et
654 3881 850 3944 crassioribus
873 3890 901 3943 et
917 3883 1088 3960 quadratam
1104 3883 1168 3942 lere
1183 3882 1311 3946 formam
1326 3898 1451 3962 aequan-

306 3984 383 4044 tibus
410 3983 517 4044 litteris
541 3987 718 4064 conspicuae
741 3987 809 4053 sint,
834 3985 864 4044 hi
886 3983 1022 4061 oblongis
1038 3991 1067 4044 et
1082 3982 1231 4060 aliquanto
1246 3984 1452 4061 gracilioribus

308 4093 338 4146 et
360 4086 453 4161 magis
478 4088 614 4156 curvatis
647 4086 698 4148 sed
722 4088 765 4148 eis
787 4087 923 4166 prolecto
946 4103 1006 4144 non
1029 4086 1127 4146 minus
1150 4085 1250 4144 nitidis
1273 4085 1359 4146 aliam
1381 4105 1453 4147 sane

309 4185 495 4265 disciplinam
520 4187 564 4248 vel
588 4188 832 4250 consuetudinem
855 4185 1006 4246 scribendi
1028 4193 1264 4264 repraesentant.
1301 4187 1453 4250 Proxirnas

307 4308 323 4348 a
345 4286 470 4348 Palatini
494 4296 523 4349 et
545 4289 670 4352 Romani
694 4289 839 4364 elegantia
868 4286 993 4348 schedas
1022 4289 1208 4348 Veronenses
1231 4290 1293 4363 (V)
1317 4287 1452 4360 maerim,

222 4379 226 4384 ⁵
306 4389 357 4451 sed
379 4389 437 4474 bae
460 4398 492 4452 ut
514 4390 670 4452 similiores
694 4391 783 4450 etiam
806 4390 866 4450 siut
893 4392 1048 4451 Vaticanis
1070 4392 1138 4465 (F).
1169 4389 1308 4453 Omnium
1333 4407 1403 4450 vero
1428 4392 1455 4452 si
