3230 5046
301 355 361 421 182
746 375 991 417 rnonneounnn.

298 545 487 614 auctoritate,
522 545 562 604 ita
589 561 643 604 suo
671 545 805 610 invento,
835 542 913 619 quod
944 543 1066 602 minime
1095 550 1201 622 poetae
1224 543 1296 604 Aen.
1320 541 1447 605 [11215

298 645 398 706 verbis
419 644 579 724 probatur,
604 663 620 704 e
642 643 731 725 Styge
753 652 837 704 natas
859 644 959 704 docuit
981 639 1141 724 Harpyiae,
1173 663 1231 724 quo
1254 663 1309 704 cur
1331 664 1356 704 v.
1380 641 1445 705 242

297 745 528 808 invulnerabiles
551 745 688 806 dicantur
711 745 880 824 explicaret.
923 745 1032 806 Eadem
1058 745 1213 806 recondita
1236 745 1363 806 venandi
1377 745 1445 806 libi·

299 849 368 909 dine
389 847 534 908 adductus
556 848 760 925 turpissimum
785 845 917 908 Sallustii
939 848 970 906 in
986 847 1160 907 Ciceronem
1183 855 1213 907 et
1227 846 1352 908 Tulliam
1375 866 1446 909 con·

298 951 405 1010 vicium
429 950 559 1031 (Cassius
574 949 628 1009 Dio
643 947 730 1010 XLVl
749 944 787 1008 18
822 947 953 1008 Sallustii
976 948 1100 1017 declam,
1123 951 1153 1009 in
1177 947 1235 1008 Cic.
1260 945 1280 1008 2
1314 951 1351 1009 cl.
1369 950 1445 1010 Dru-

298 1069 424 1112 mannus
447 1050 483 1110 Vl
505 1069 535 1131 p.
555 1046 619 1111 416
639 1049 706 1111 adn.
723 1046 774 1126 63)
797 1051 827 1109 in
844 1049 881 1108 Vl
895 1045 957 1110 623
980 1067 1097 1110 versum
1122 1051 1192 1110 satis
1213 1049 1302 1110 illum
1324 1053 1445 1128 tragicis

298 1152 407 1214 sabulis
433 1152 610 1214 illustratum
639 1150 752 1212 intulit:
787 1165 964 1230 quamquam
997 1155 1101 1213 aetites
1133 1151 1313 1230 hymenaeos
1341 1153 1443 1212 Servio

299 1235 406 1316 melius
430 1261 459 1314 et
480 1253 648 1315 verecundo
670 1259 757 1332 poeta
774 1252 891 1330 dignius
914 1255 1036 1313 ‘natura
1059 1259 1088 1312 et
1108 1252 1225 1330 legibus
1248 1255 1368 1314 vetitos'
1394 1273 1444 1314 ex·
1490 1273 1492 1276 ·

304 1356 432 1436 plicavit.
477 1356 519 1416 Ac
541 1372 647 1415 vereor
669 1361 701 1414 ut
723 1353 839 1414 felicior
861 1353 951 1413 luerit
973 1372 1041 1413 cum
1064 1353 1098 1413 ad
1115 1353 1187 1430 Aen.
1204 1353 1241 1414 Vl
1255 1350 1319 1430 230
1333 1353 1443 1423 docuit,

300 1466 430 1537 poetam,
453 1475 492 1518 ne
514 1458 681 1536 principem
705 1454 817 1516 scilicet
838 1453 922 1515 lauro
946 1455 1080 1516 natalicia
1104 1457 1167 1516 eius
1183 1454 1292 1516 arbore
1307 1456 1342 1516 ad
1359 1459 1446 1517 triste
1475 1532 1478 1536 Ι

300 1560 415 1620 luneris
448 1577 558 1620 munus
590 1556 721 1618 adbibita
755 1556 934 1626 offenderet,
969 1557 1065 1617 felicis
1099 1559 1199 1618 oliuae
1230 1558 1327 1636 potius
1360 1576 1444 1618 ramo

298 1661 421 1723 lustrari
442 1661 523 1721 viros
545 1660 659 1720 fecisse.

382 1797 448 1857 Non
471 1794 526 1856 soli
548 1794 735 1855 difficultates
758 1795 848 1854 movit
869 1795 983 1854 Aurora
1007 1811 1083 1873 quae
1105 1795 1178 1854 Aen.
1202 1793 1239 1854 Vl
1260 1790 1332 1864 535,
1361 1799 1446 1874 quasi

299 1887 524 1976 λενκόπνερος
541 1882 663 1975 ‘Apa'pa
679 1895 789 1975 (Eurip.
807 1895 914 1956 Troad.
933 1891 1004 1972 848)
1029 1895 1075 1963 sit,
1099 1894 1364 1974 roseis-quadrigis
1387 1899 1445 1958 iam

299 1999 429 2060 medium
452 1997 585 2059 aetherio
608 2017 696 2058 cursu
718 1998 870 2056 traiecisse
898 2015 983 2058 axem
1011 1995 1133 2056 dicitur:
1164 2005 1193 2057 et
1220 1997 1294 2057 haec
1325 1998 1444 2075 quidem

298 2099 370 2160 vidit
391 2106 526 2179 spectare
560 2098 596 2159 ad
627 2098 756 2158 medium
785 2097 864 2157 diem
892 2105 1055 2176 peractum,
1085 2097 1164 2176 quod
1194 2097 1238 2158 vel
1267 2097 1398 2177 Sibyllae.
1418 2118 1445 2160 v.

297 2198 361 2264 539
385 2199 481 2260 verbis
504 2201 580 2259 ‘nox
609 2201 686 2260 ruit'
714 2179 872 2278 probatur,
900 2206 933 2258 ut
956 2197 1033 2258 Solis
1060 2199 1153 2277 patris
1182 2199 1356 2277 quadrigam
1385 2219 1446 2260 non

298 2322 386 2364 mane
407 2308 532 2370 tantum,
557 2301 609 2362 sed
632 2307 727 2361 lotum
750 2319 804 2380 per
827 2300 905 2360 diem
920 2300 1144 2378 praecurrendo
1161 2303 1295 2363 comitari
1310 2302 1441 2381 putanda

299 2407 345 2466 sit.
397 2402 477 2464 llaec
505 2409 587 2463 certe
609 2405 685 2462 ratio
716 2403 816 2462 sanior
839 2418 925 2478 quam
948 2418 1006 2477 qua
1035 2401 1114 2480 apud
1135 2401 1318 2463 Macrobium
1343 2401 1403 2462 Sat.
1427 2404 1441 2464 l

298 2503 329 2575 3,
356 2501 402 2564 11Ι
418 2504 542 2566 Caecina
564 2501 688 2564 Albinus
709 2501 870 2580 Vergilium
894 2501 1054 2562 defendere
1077 2511 1200 2564 conatus
1223 2510 1276 2564 est.

382 2639 519 2700 Absurde
542 2638 675 2715 quidem,
703 2636 756 2698 sed
784 2643 885 2697 tamen
912 2635 1010 2716 aliqua
1040 2636 1216 2698 eruditionis
1244 2638 1350 2699 umbra
1377 2658 1447 2718 per·

300 2742 407 2801 ductus
434 2742 500 2820 ipso
528 2739 597 2800 libri
620 2739 669 2799 Vll
697 2739 781 2798 initio
810 2744 914 2816 poetae
943 2737 1033 2799 verba
1062 2741 1213 2818 pervertit.
1265 2739 1337 2801 Nam
1367 2739 1447 2817 quod

297 2842 372 2902 haec
394 2845 442 2902 ‘tu
464 2857 584 2920 quoque
605 2839 755 2900 littoribus
777 2842 896 2916 uostris,
925 2841 1035 2900 Aeneia
1058 2841 1168 2910 nutrix,
1201 2849 1353 2902 aeternam
1377 2861 1442 2902 mo·
1555 2875 1557 2878 -
1591 2869 1592 2880 ν

296 2945 379 3004 tiens
401 2943 519 3013 lamam,
544 2942 652 3010 Caieta,
676 2940 803 3001 dedisti’
826 2942 871 3005 ita¹
889 2943 1103 3022 interpretatus
1125 2951 1179 3012 est,
1204 2950 1236 3002 ut
1258 2951 1363 3004 nostre
1385 2963 1447 3004 non

296 3043 397 3104 ltaliea
430 3043 530 3112 litora,
566 3041 618 3102 sed
655 3042 705 3101 ‘in
720 3043 986 3120 comparationem
1015 3041 1124 3104 Oceani
1159 3043 1353 3121 navigabilia'
1388 3044 1449 3106 dici

297 3151 455 3214 statueret,
488 3143 603 3204 videtur
627 3141 664 3202 de
687 3150 785 3223 etymo
808 3143 858 3204 illo
881 3143 1016 3204 nominis
1033 3144 1151 3205 Caietae
1173 3146 1335 3222 cogitasse,
1365 3147 1448 3206 cuius

298 3245 405 3307 Strabo
430 3247 451 3305 V
479 3263 507 3324 p.
530 3241 593 3305 233
620 3246 804 3304 memoriam·
831 3245 902 3304 lecit
929 3247 960 3304 in
988 3245 1035 3306 his
1066 3237 1139 3303 ‘aad
1166 3237 1227 3306 τὸν
1256 3235 1379 3324 μεταξὺ
1410 3238 1448 3306 δὲ

297 3343 427 3407 κόλπον
441 3338 564 3405 ἐκεῖνοι
579 3338 769 3404 Κνιάναν
790 3334 985 3424 ὠνόμασαν·
1009 3333 1055 3404 cd
1076 3333 1151 3424 γὰρ
1175 3347 1293 3407 κοῖλα
1315 3338 1447 3407 πάντα

296 3441 461 3518 coatras
483 3442 523 3506 οἱ
540 3435 734 3518 Λάκωνες
756 3437 1172 3526 προσαγορεύουσιν·
1195 3445 1281 3508 ἔνιοι
1303 3436 1335 3508 d’
1360 3442 1448 3510 ἑπώ-

297 3566 409 3626 ννμον
441 3546 499 3626 τῆς
526 3544 668 3607 Αἰνείου
695 3546 828 3628 τροφοῦ
858 3536 917 3608 τὸν
945 3539 1074 3609 κόλπον
1101 3547 1217 3628 φασίν.
1271 3549 1351 3628 Ergo
1379 3552 1446 3630 quia

251 3657 258 3666 ‘
302 3654 386 3712 sinus
409 3667 512 3710 omnes
528 3650 661 3710 Lacones
682 3647 813 3721 καιέτας
833 3649 1030 3729 appellabant,
1054 3650 1214 3728 Vergilium
1230 3668 1347 3730 quoque
1363 3651 1446 3712 ‘tito-

298 3751 381 3811 ribus
402 3751 527 3812 nostrls'
551 3753 705 3830 scripsisse
731 3751 786 3812 sibi
809 3753 973 3830 persuasit,
996 3763 1029 3812 ut
1052 3753 1178 3812 sinuosis
1201 3760 1231 3812 et
1252 3751 1447 3832 hospitalibus

298 3853 389 3912 maris
409 3850 547 3912 litoribus
569 3852 697 3913 Caietam
720 3871 834 3912 nomen
857 3853 975 3913 dedisse
998 3853 1092 3914 doctis
1116 3853 1229 3914 scilicet
1249 3855 1394 3914 innueret.

384 3986 458 4047 ltem
482 3985 568 4047 docta
591 3987 717 4064 quadam
740 3987 777 4047 de
799 3988 913 4048 Boreae
934 3989 1014 4047 venti
1037 3995 1105 4048 ortu
1133 3989 1234 4049 notitia
1266 3989 1313 4066 (cl.
1337 3987 1446 4048 Strabo

298 4083 375 4146 122
396 4105 425 4166 p.
449 4083 489 4148 61
513 4085 570 4168 sq.)
601 4088 777 4149 stultissime
804 4087 913 4148 abusus
942 4095 1001 4156 est,
1029 4097 1063 4150 ut
1085 4091 1155 4151 Aen.
1185 4088 1237 4149 llll
1263 4087 1326 4151 366
1355 4089 1445 4151 altum

301 4190 453 4264 Aepaeum
481 4196 615 4250 montem
644 4208 708 4250 esse
741 4173 950 4258 contenderet,
996 4189 1113 4268 qualem
1146 4209 1207 4250 non
1235 4193 1302 4251 novi
1330 4193 1387 4252 nisi
1414 4192 1446 4250 in

299 4290 386 4352 Creta
420 4291 517 4351 insula
552 4290 686 4370 (Hesiod.
726 4290 825 4367 theog.
859 4286 942 4370 484).
999 4291 1057 4352 Sed
1097 4291 1305 4371 geographicis
1342 4291 1447 4352 studiis

301 4402 405 4478 captus
436 4391 500 4452 aliis
531 4408 650 4474 quoque
678 4389 817 4452 Aeneidis
845 4389 918 4451 locis
941 4393 998 4456 vim
1021 4391 1128 4456 intulit.
1179 4392 1253 4462 Nam
1277 4391 1314 4451 de
1336 4391 1447 4477 Gangis
