3276 5050
300 368 360 432 152
748 389 992 430 33333333333.

298 559 335 618 de
358 560 512 619 notatione
541 559 644 618 critica
673 575 698 617 3.
723 577 750 636 q.
776 576 803 616 3.·
824 575 853 635 p.
877 553 898 617 6
921 558 976 637 sq.)
1022 557 1124 634 ltaque
1153 557 1208 618 hac
1231 566 1299 618 nota
1327 564 1445 636 praeter

296 659 381 720 illum
397 661 470 720 Aen.
488 660 510 720 X
534 655 599 719 444
620 657 701 720 33133
722 658 777 719 bos
793 657 917 736 Vergilii
940 679 1046 720 versus
1068 660 1226 737 insignitos
1248 661 1339 720 inisse
1355 665 1442 738 puto:

184 766 188 772 '
295 763 368 822 Aen.
392 757 471 822 144
508 758 628 822 71177
665 757 790 821 111814
825 753 959 822 1117366.
991 766 993 770 ’

378 898 508 958 Eandem
526 905 616 976 atque
631 899 711 958 inter
727 895 828 975 diplen
844 898 1097 976 periestigmenen
1121 905 1149 958 et
1164 897 1281 976 alogum
1297 899 1442 958 rationem

294 1001 500 1062 intercessisse
523 1001 661 1079 suspicor
683 1001 761 1059 inter
785 1001 900 1060 obelum
923 1007 952 1059 33
975 1003 1088 1070 obelum
1110 1019 1177 1065 eum
1195 1008 1318 1076 puncto.
1370 1001 1443 1060 Nam

181 1121 186 1128 ·
294 1101 372 1180 qnod
396 1101 546 1162 adnotavit
558 1101 679 1162 Servius
701 1101 737 1160 ed
754 1099 826 1160 hen.
851 1101 863 1160 l
885 1098 925 1161 21
944 1121 988 1180 sq.
1012 1101 1174 1162 ε131133133
1198 1105 1347 1179 adpuncti
1359 1109 1444 1163 3333·

295 1211 324 1264 33
346 1203 555 1272 adnotandum,
586 1202 617 1262 hi
641 1202 698 1262 duo
721 1203 745 1262 31
769 1204 951 1274 eximantur,
982 1203 1176 1264 nihilominus
1199 1222 1305 1265 sensus
1327 1205 1444 1282 integer

295 1307 369 1367 erit'
393 1305 429 1365 de
452 1304 581 1385 simplici
604 1310 685 1364 certe
708 1302 795 1364 obelo
817 1304 950 1383 intellegi
972 1311 1165 1384 nonpotest,
1187 1305 1238 1367 sed
1256 1304 1361 1367 obelus
1377 1309 1443 1367 3333

293 1415 414 1488 puncto,
446 1409 496 1484 qui
519 1405 575 1468 ‘ad
601 1405 694 1466 eade
718 1406 824 1485 quihus
849 1406 999 1468 dubitatur
1021 1405 1086 1467 tolli
1108 1406 1237 1467 debeant
1259 1413 1368 1468 necue'
1393 1407 1443 1467 ad·

295 1508 470 1578 hibebatur,
500 1507 570 1568 huic
597 1507 662 1568 loeo
691 1509 838 1568 convenit.
883 1508 966 1569 ldem
995 1511 1121 1587 signum,
1153 1511 1177 1569 si
1206 1511 1260 1569 1313
1286 1511 1366 1569 13333
1394 1528 1445 1570 333

295 1613 415 1673 33131333
438 1630 566 1690 quorum
589 1609 730 1671 iudicium
747 1609 868 1671 Servius
890 1613 993 1681 refert,
1019 1611 1156 1690 adposuit
1178 1611 1304 1672 13333333
1328 1611 1363 1672 ad
1381 1612 1445 1672 Vlll

288 1711 359 1776 ’627
393 1722 423 1774 33
453 1709 524 1774 731.
578 1711 727 1790 Simplicis
765 1713 860 1787 3331,
901 1731 959 1790 quo
994 1714 1113 1774 confixit
1149 1732 1200 1774 333
1232 1732 1338 1774 333333
1372 1733 1446 1793 quos
1515 1715 1518 1720 ’

295 1817 415 1896 spurios
439 1833 505 1876 esse
530 1819 612 1874 certo
635 1831 811 1892 persuasum
835 1813 978 1883 hahebat,
1004 1815 1171 1894 exemplum
1194 1801 1303 1875 necin
1326 1799 1446 1876 scholiis

294 1937 351 1979 nec
382 1919 412 1976 13
436 1917 572 1978 Parisino
604 1915 749 1976 anecdoto
785 1922 878 1977 extat:
922 1915 1008 1978 nohis
1041 1917 1160 1996 quidem
1196 1920 1267 1978 33313
1291 1925 1337 1978 333
1359 1920 1445 1988 seire,

295 2018 417 2098 Vergilii
450 2026 480 2079 33
508 2018 622 2079 Horatii
656 2025 685 2078 33
719 2017 851 2078 Lucretii
884 2020 1021 2080 criticum
1055 2038 1115 2080 non
1148 2021 1243 2098 magis
1274 2020 1446 2082 Aristarcho

296 2121 446 2182 atheteses
469 2122 590 2199 fugisse.
626 2119 819 2200 Excerptoris
842 2121 921 2180 enim
944 2121 1132 2200 neglegentia
1156 2129 1185 2182 et
1204 2123 1234 2182 13
1250 2121 1305 2182 hac
1320 2123 1447 2183 Parisini

296 2223 435 2286 anecdoti
463 2222 500 2283 de
532 2221 618 2283 obelo
647 2223 798 2283 notatione
829 2229 858 2282 33
884 2225 915 2282 13
946 2222 1012 2284 31113
1035 2223 1190 2310 'nonnullis
1217 2223 1308 2284 Probi
1335 2225 1447 2284 mentio

297 2328 408 2387 omissa
433 2333 492 2395 est,
523 2327 573 2402 qui
601 2325 628 2384 si
657 2326 860 2384 3333133333
884 2343 956 2385 3333
980 2333 1059 2386 33333
1081 2324 1127 2384 331
1149 2325 1205 2385 1333
1227 2332 1297 2385 3333
1319 2324 1365 2385 331
1387 2324 1445 2394 1113,

300 2447 403 2488 verum
427 2445 487 2487 non
512 2434 591 2488 esset
614 2425 692 2501 quod
715 2444 806 2504 supra
830 2427 1003 2488 adfirmatur
1036 2427 1209 2506 adposuisse
1238 2444 1306 2486 eum
1329 2435 1362 2486 33
1383 2429 1447 2488 Ari-

298 2529 449 2590 starchum
472 2527 538 2588 XXI
562 2546 637 2607 quae
659 2529 743 2588 initio
766 2535 908 2588 tractatus
932 2538 1103 2591 enumerata
1126 2537 1195 2589 3333
1215 2529 1309 2606 signa.
1347 2529 1448 2608 ltaque

299 2651 372 2692 3333
395 2638 565 2690 nostrorum
582 2629 781 2690 litteratorum
797 2631 828 2688 13
852 2631 1005 2690 servandis
1028 2629 1151 2709 singulis
1166 2629 1321 2690 versieulis
1343 2649 1448 2710 snper-

298 2735 389 2794 stitio.
433 2733 528 2792 133333
551 2749 588 2790 33
611 2729 832 2791 multitudinem
857 2730 975 2818 quidem
999 2751 1138 2794 versuum
1160 2731 1322 2812 inprobare
1344 2732 1448 2810 religio

298 2841 363 2896 erat
384 2833 499 2901 Proho;
531 2831 608 2910 quod
639 2833 777 2912 quotiens
804 2851 861 2894 333
883 2834 1034 2905 veniebat,
1064 2853 1102 2896 ne
1131 2853 1186 2914 per
1209 2833 1340 2912 singulos
1362 2833 1448 2894 obelo

298 2937 480 3004 abuteretur,
498 2941 593 2995 totum
607 2934 706 2995 133333
718 2939 862 2996 ceraunio
879 2935 1099 2998 concremabat.
1130 2936 1208 3014 Ergo
1224 2937 1361 3015 inprimis
1376 2935 1446 2996 illud

298 3037 422 3100 secundi
444 3037 515 3098 libri
538 3055 581 3096 33.
599 3032 768 3098 567--588
785 3036 932 3098 emblema
955 3040 979 3099 si
1001 3041 1061 3100 iarn
1083 3039 1218 3118 repperit
1240 3039 1271 3099 in
1295 3037 1445 3117 exempla·

299 3140 393 3209 ribus,
417 3137 556 3199 13333313
579 3139 736 3199 confixisse
759 3140 936 3201 statuendus
960 3148 1012 3202 est.

383 3274 623 3354 Dittographiae,
655 3280 740 3335 ‘cum
764 3275 897 3337 eiusdem
929 3295 1034 3337 sensns
1056 3294 1159 3336 versus
1189 3274 1323 3354 duplices
1352 3283 1451 3336 essent

300 3387 329 3440 et
352 3379 538 3440 dubitaretur
562 3379 612 3455 qui
635 3379 736 3456 potius
758 3377 905 3456 legendi’,
929 3381 1210 3453 333331333333333
1227 3384 1344 3454 puncto
1366 3385 1448 3437 nota-

300 3481 416 3552 bantur.
458 3479 516 3540 Sed
532 3498 588 3540 333
604 3479 694 3540 133133
710 3478 845 3558 exempla
866 3478 973 3539 tradita
996 3485 1064 3540 sunt
1086 3497 1142 3539 nec
1164 3477 1289 3540 adhibiti
1312 3482 1452 3540 asterisci

299 3601 366 3644 33333
390 3585 482 3651 obelo,
507 3600 566 3660 quo
589 3580 716 3641 eundem
739 3589 859 3641 secutus
871 3581 1075 3642 Aristarchum
1093 3601 1145 3641 eos
1165 3593 1281 3650 333333,
1307 3582 1450 3660 ‘quinon

300 3704 353 3745 suo
375 3683 441 3744 1333
465 3683 552 3762 positi
575 3685 687 3751 erant',
711 3681 855 3760 signabat.

389 3819 556 3881 Redierunt
578 3836 649 3895 ergo
671 3819 757 3878 3313
780 3819 947 3879 Homericis
978 3818 1159 3880 carminibus
1191 3819 1229 3879 133
1264 3819 1294 3878 13
1321 3818 1451 3880 Aeneide

301 3941 421 4004 quoque
444 3923 502 3981 1333
525 3929 588 3982 tum
610 3922 756 3998 temporis
771 3920 895 3982 diversis
910 3918 984 3981 13313
1000 3939 1105 3982 333333
1121 3919 1228 3989 eidem,
1252 3938 1327 3998 quos
1342 3921 1451 3998 partim

303 4031 393 4104 poeta
416 4021 562 4092 consulto,
586 4022 694 4101 partim
717 4030 831 4082 temere
854 4023 1015 4082 memoriae
1039 4021 1232 4082 ostentandae
1255 4040 1343 4083 causa
1359 4023 1451 4082 inter·

300 4125 453 4206 polatores
481 4125 693 4203 repetiverunt.
745 4124 782 4184 Hi
809 4122 862 4184 uhi
889 4131 972 4183 recte
1001 4131 1030 4184 33
1057 4131 1124 4202 apte
1152 4125 1240 4202 positi
1268 4123 1451 4193 viderentur,
1536 4205 1540 4212 .

302 4228 455 4295 asterisco,
478 4224 626 4286 313113133
649 4225 754 4284 1333331
778 4231 885 4296 essent,
909 4227 1052 4286 asterisco
1075 4244 1142 4285 3333
1159 4223 1247 4286 313313
1262 4224 1451 4286 notabantur.

303 4329 388 4389 Η333
412 4328 490 4388 enim
513 4327 679 4388 Aristarchi
708 4327 954 4389 consuetudinem
982 4328 1074 4388 luisse
1104 4327 1175 4386 satis
1204 4326 1313 4387 docent
1342 4325 1453 4389 scholia

305 4431 427 4490 Veneta.
478 4429 562 4510 Apud
587 4428 748 4508 Vergilium
777 4436 877 4491 autem
899 4447 915 4490 3
937 4427 1036 4491 Probo
1065 4429 1240 4490 asteriscum
1268 4447 1337 4490 curn
1365 4426 1452 4490 obelo
