3212 5042
586 426 829 473 rnonnoomaun.
1206 449 1210 458 ·
1235 410 1278 477 33

129 601 245 664 amoris
266 599 295 658 vi
319 598 490 661 confirmata
513 612 662 656 summum
691 595 721 656 in
751 598 834 676 equis
863 598 996 660 furorem
1020 618 1179 680 erumpere
1207 619 1278 662 con·

130 703 271 764 clusurus
304 706 369 762 erat
397 705 493 779 poeta.
544 695 642 757 Utitur
668 697 760 774 igitur
788 698 909 760 leaenae
938 719 1076 766 ursorum
1103 701 1168 782 apri
1194 703 1280 781 tigris

131 798 337 888 (ato-249),
362 802 424 862 suis
448 794 646 877 (265-257),
669 801 783 862 iuvenis
807 797 993 883 (258-263)
1018 802 1170 883 exemplis.
1220 803 1279 864 Sed

130 907 204 968 hinc
225 923 334 968 rursus
362 902 506 984 adferas
533 900 723 980 repellimur,
753 909 787 964 ut
814 901 915 982 lynces
942 903 1029 985 lupos
1057 923 1146 967 canes
1175 923 1280 968 cervos

131 1007 240 1070 eodem
262 1006 362 1068 studio
384 1005 490 1083 agitari
511 1003 659 1065 discamus
682 999 754 1081 (264
776 1003 842 1084 sq).
880 1006 924 1066 An
948 1014 980 1068 ut
1001 1006 1170 1069 ardentiore
1191 1009 1280 1070 etiam

130 1112 188 1172 bos
214 1129 307 1190 quam
329 1107 465 1168 homines
487 1105 666 1178 inflammari
688 1103 913 1183 intellegamus?
936 1107 1023 1187 digua
1045 1110 1181 1189 prolecto
1197 1115 1280 1171 tanto

131 1220 222 1292 poeta
244 1231 261 1274 a
284 1213 390 1272 iurene
417 1207 454 1269 ad
482 1207 569 1286 lupos
597 1213 626 1267 et
653 1225 743 1268 canes
770 1207 919 1286 gradatio!
948 1209 1087 1290 equidem
1115 1212 1280 1291 putaverim

132 1315 345 1376 brevissimum
369 1302 626 1388 συναθροισμὸν
649 1310 759 1387 optime
775 1309 915 1372 collocari
929 1313 960 1372 in
975 1312 1104 1374 finienda
1119 1312 1281 1374 bestiarum
1296 1295 1303 1308 ⁸

132 1415 360 1478 enumeratione
387 1420 455 1490 post
482 1429 507 1472 v.
531 1407 623 1502 257.Ι
650 1411 720 1472 'Nec
752 1429 823 1472 vero
856 1413 954 1474 minus
987 1415 1097 1475 mirum
1128 1421 1173 1476 est
1200 1413 1279 1495 quod

133 1517 297 1598 exemplis,
332 1513 442 1594 quibus
469 1511 505 1574 ad
535 1529 680 1589 equorum
709 1531 826 1575 amores
853 1516 998 1578 transitus
1028 1511 1177 1596 parandus
1205 1525 1280 1587 erat,

134 1620 243 1682 borum
265 1619 399 1696 ipsorum
423 1621 584 1676 tremorem
606 1634 632 1674 v.
648 1610 818 1678 250-254
831 1617 1039 1697 interpositum
1054 1618 1190 1696 legimus,
1214 1637 1281 1680 eum
1362 1641 1366 1656 ·

133 1731 234 1784 tamen
257 1726 360 1799 postea
383 1717 507 1796 insignis
535 1723 604 1779 ante
632 1717 728 1778 omnis
756 1717 840 1779 luror
872 1735 1016 1798 equarum
1046 1718 1231 1782 describatur
1254 1738 1279 1782 v.

133 1818 314 1886 266-270.
937 1833 938 1838 ’

219 1923 307 1998 Quod
330 1924 356 1984 si
378 1939 470 2002 equos
493 1927 523 1982 et
544 1939 635 2000 equas
658 1920 799 2000 distingui
815 1921 914 1993 voluit,
939 1929 1037 1985 tamen
1059 1943 1120 1984 non
1142 1931 1207 1986 erat
1229 1943 1281 1986 cur

135 2027 186 2098 illi,
210 2045 342 2108 quorum
365 2042 467 2086 euram
490 2021 547 2082 hoc
569 2023 635 2102 ipso
657 2021 735 2086 libro
758 2022 909 2096 docuerat,
938 2026 1017 2086 inter
1039 2025 1180 2088 silvarum
1202 2027 1281 2088 ieras

136 2148 151 2189 a
172 2128 329 2210 proposito
352 2125 493 2187 carminis
515 2123 711 2188 alienissimus
733 2123 948 2204 relegarentur.
1002 2127 1103 2208 ltaque
1128 2126 1281 2190 turbatum

135 2247 275 2292 versuum
300 2228 434 2290 ordinem
458 2244 525 2288 esse
547 2225 687 2286 conclusi.
720 2226 777 2287 Sed
793 2226 913 2288 relictas
928 2226 964 2288 ab
986 2229 1052 2307 ipso
1076 2237 1162 2308 poeta
1177 2229 1281 2290 turbas

136 2332 278 2412 quasdam
308 2347 472 2408 agnoscere
499 2327 573 2388 mihi
602 2329 683 2390 visus
711 2346 774 2390 sum
807 2347 856 2400 eo,
886 2328 965 2407 quod
995 2331 1083 2392 nimis
1110 2329 1216 2392 similia
1244 2330 1282 2390 de

136 2443 265 2512 utroque
288 2449 399 2510 genere
422 2429 642 2510 praedicantur,
656 2428 733 2492 'uon
757 2429 886 2510 scopulis
910 2449 1002 2511 equos
1023 2431 1210 2512 rupibusque
1232 2449 1280 2492 re-

135 2535 258 2604 tardari,
283 2552 343 2594 nou
366 2531 489 2592 flumine
510 2537 628 2592 montes
650 2530 729 2592 unda
752 2539 911 2610 torquente
934 2529 1006 2612 (253
1022 2535 1090 2614 sq),
1116 2551 1207 2612 equas
1229 2551 1280 2594 au·

137 2645 194 2700 tem
218 2644 304 2698 trans
326 2635 457 2712 Gargara
485 2639 627 2712 transque
656 2639 811 2694 sonantem
833 2635 994 2696 Ascanium
1023 2635 1107 2706 duci,
1137 2653 1282 2716 superare

136 2739 245 2800 montis
267 2730 297 2798 el
325 2735 447 2798 llumina
477 2744 596 2796 tranare
620 2731 691 2811 (269
715 2735 781 2814 sq).
833 2737 906 2798 Nam
936 2743 1018 2798 recte
1045 2737 1123 2817 apud
1147 2725 1282 2798 Servium

136 2840 312 2901 adnotatum
336 2844 396 2898 est:
422 2837 573 2915 ‘Gargara
595 2855 651 2916 pro
669 2835 851 2915 quibuslibet
865 2837 1015 2900 montibus
1032 2840 1108 2899 sicut
1122 2840 1280 2900 Ascanium

136 2962 189 3023 pro
213 2938 400 3021 quibuslibet
422 2938 593 3000 fluminibus
614 2939 741 3018 posuit'
792 2939 865 3000 Tam
894 2940 973 3000 inter
1000 2959 1032 3000 se
1061 2957 1193 3018 congrua
1222 2959 1281 3020 quo

137 3043 263 3106 consilio
286 3049 406 3122 poetam
429 3041 633 3120 composuisse
654 3039 842 3119 putabimus?
886 3042 979 3104 lmmo
1002 3041 1129 3102 alterum
1150 3043 1281 3104 versicu³

137 3146 235 3208 lorum
264 3161 319 3224 per
346 3145 377 3204 in
407 3141 529 3204 alterius
562 3143 656 3202 vicem
691 3142 830 3204 substitui
863 3141 963 3204 voluit.
1021 3145 1117 3222 Atque
1156 3161 1224 3204 cum
1252 3143 1282 3204 id

136 3255 247 3327 ageret,
282 3253 317 3308 ut
348 3252 435 3306 vento
468 3243 603 3323 gravidas
631 3244 697 3304 lieri
725 3252 755 3304 et
783 3243 977 3324 hippomanes
1005 3244 1161 3305 demittere
1190 3261 1282 3322 equas

136 3356 289 3417 narraret,
319 3345 356 3408 de
378 3347 485 3408 harum
507 3347 609 3407 lurore
632 3347 702 3423 quin
725 3347 813 3406 etiam
836 3347 866 3406 in
888 3347 990 3426 priore
1012 3345 1141 3406 editione
1164 3345 1281 3415 dixerit,
1345 3395 1352 3404 ,

137 3451 263 3514 dubium
286 3450 409 3512 minime
432 3455 486 3510 est.
537 3447 622 3510 Unde
651 3449 801 3524 sequitur,
833 3456 865 3508 ut
892 3433 1031 3510 secundis
1058 3450 1138 3509 curis
1157 3448 1283 3510 'additos

137 3572 203 3615 esse
228 3552 266 3612 de
290 3549 424 3612 maribus
448 3551 531 3628 equis
553 3568 658 3610 versus
679 3545 850 3611 tou-254
871 3555 1049 3620 statuamus,
1079 3566 1154 3628 quos
1182 3558 1283 3612 tamen

137 3654 318 3717 oblitteratis
358 3651 494 3714 versibus
526 3647 590 3712 269
620 3670 663 3731 sq.
699 3655 834 3732 proxime
870 3658 939 3712 ante
976 3671 1001 3714 v.
1039 3648 1102 3713 266
1139 3651 1286 3714 collocare

137 3755 286 3818 debebant
308 3755 406 3816 amici.
452 3755 592 3816 Ceterum
615 3751 663 3814 hic
686 3770 805 3836 quoque
832 3753 925 3824 idem,
961 3753 1039 3833 quod
1069 3771 1124 3832 ego
1154 3754 1224 3839 olim
1251 3755 1282 3815 in

137 3857 215 3920 lectt.
241 3859 329 3936 Verg.
354 3841 400 3926 6,
419 3856 513 3918 sensit
534 3853 748 3935 Peerlkampus
763 3856 918 3917 'Mnemos
943 3855 969 3916 X
990 3852 1068 3926 251,
1098 3855 1210 3939 scilicet
1236 3857 1282 3916 in·

136 3959 267 4022 iucunde
293 3959 422 4038 repetita
443 3957 567 4019 flumina
589 3963 619 4018 et
640 3964 757 4019 montes
779 3957 915 4019 versibus
937 3955 999 4020 253
1022 3977 1065 4038 sq.
1091 3965 1120 4018 et
1139 3953 1202 4018 269
1226 3975 1281 4036 sq,
1305 4027 1307 4032 ,

138 4081 194 4141 quo
219 4068 320 4123 tamen
341 4059 393 4122 ille
416 4067 516 4122 motus
538 4066 591 4128 est,
615 4068 649 4121 ut
670 4059 774 4121 deletis
798 4079 823 4122 v,
845 4057 909 4122 270
931 4077 974 4138 sq.
999 4061 1183 4138 superant.
1208 4103 1216 4120 .
1242 4105 1249 4119 .
1274 4106 1281 4121 .

138 4163 360 4242 continuoque’
389 4181 450 4224 non
472 4161 608 4243 proiecto
629 4161 790 4223 iucundum
813 4181 931 4224 versum
954 4163 1085 4225 efficeret
1111 4161 1190 4222 huuc
1213 4163 1283 4222 ‘As-

140 4267 267 4336 canium,
291 4265 384 4326 avidis
406 4263 457 4326 ubi
480 4263 600 4326 subdita
622 4263 740 4326 llamma
762 4263 937 4334 medullis’,
961 4263 1043 4326 hiatu
1067 4261 1209 4343 exemplis
1233 4281 1282 4322 ex·

138 4377 257 4437 cusato,
287 4384 363 4448 quae
386 4365 467 4428 nulla
497 4384 563 4427 esse
590 4367 689 4446 ipsum
718 4367 837 4427 criticae
865 4373 964 4428 textus
991 4367 1050 4428 mei
1077 4365 1283 4426 adnotationes

137 4469 269 4532 edocere·
285 4477 434 4549 poterant.
479 4469 576 4534 Etiam
599 4468 635 4529 de
658 4467 795 4530 versibus
817 4465 881 4530 264
895 4487 939 4548 sq.
964 4475 1032 4547 post
1046 4463 1108 4527 257
1132 4466 1280 4527 collocan-

187 4585 324 4631 arnnucu,
349 4584 508 4621 raounuon.
607 4593 610 4598 ·
1061 4565 1081 4628 3
