<?xml version="1.0" encoding="UTF-8"?>
<!DOCTYPE html PUBLIC "-//W3C//DTD XHTML 1.0 Transitional//EN"
    "http://www.w3.org/TR/xhtml1/DTD/xhtml1-transitional.dtd">
<html xmlns="http://www.w3.org/1999/xhtml" xml:lang="en" lang="en">
 <head>
  <title>
</title>
<meta http-equiv="Content-Type" content="text/html;charset=utf-8" />
  <meta name='ocr-system' content='tesseract 3.04.00' />
  <meta name='ocr-capabilities' content='ocr_page ocr_carea ocr_par ocr_line ocrx_word'/>
</head>
<body>
  <div class='ocr_page' id='page_1' title='image "./pvergilimaronis02ribbgoog_0156.png"; bbox 0 0 3276 5050; ppageno 0'>
   <div class='ocr_carea' id='block_1_1' title="bbox 622 385 1317 460">
    <p class='ocr_par' dir='ltr' id='par_1_1' title="bbox 622 385 1317 460">
     <span class='ocr_line' id='line_1_1' title="bbox 622 385 1317 460; baseline 0.004 -4"><span class='ocrx_word' id='word_1_1' title='bbox 622 415 869 458; x_wconf 77' lang='lat' dir='ltr'>rnocneoimun.</span> <span class='ocrx_word' id='word_1_2' title='bbox 1255 385 1317 460; x_wconf 88' lang='lat'>115</span> 
     </span>
    </p>
   </div>
   <div class='ocr_carea' id='block_1_2' title="bbox 170 580 1341 1377">
    <p class='ocr_par' dir='ltr' id='par_1_2' title="bbox 170 580 1341 1377">
     <span class='ocr_line' id='line_1_2' title="bbox 170 580 1341 663; baseline 0.002 -21"><span class='ocrx_word' id='word_1_3' title='bbox 170 583 248 661; x_wconf 90' lang='lat' dir='ltr'>gilii,</span> <span class='ocrx_word' id='word_1_4' title='bbox 283 585 334 663; x_wconf 93' lang='lat' dir='ltr'>qui</span> <span class='ocrx_word' id='word_1_5' title='bbox 362 583 399 644; x_wconf 91' lang='lat' dir='ltr'>de</span> <span class='ocrx_word' id='word_1_6' title='bbox 428 580 572 661; x_wconf 84' lang='lat' dir='ltr'>Sallustio</span> <span class='ocrx_word' id='word_1_7' title='bbox 596 582 739 645; x_wconf 81' lang='lat' dir='ltr'>Cicerone</span> <span class='ocrx_word' id='word_1_8' title='bbox 766 581 848 644; x_wconf 90' lang='lat' dir='ltr'>Livio</span> <span class='ocrx_word' id='word_1_9' title='bbox 876 581 988 643; x_wconf 84' lang='lat' dir='ltr'>Catullo</span> <span class='ocrx_word' id='word_1_10' title='bbox 1017 586 1224 662; x_wconf 86' lang='lat' dir='ltr'>grammaticas</span> <span class='ocrx_word' id='word_1_11' title='bbox 1255 602 1341 660; x_wconf 51' lang='lat' dir='ltr'>ma,</span> 
     </span>
     <span class='ocr_line' id='line_1_3' title="bbox 173 684 1318 764; baseline 0.002 -20"><span class='ocrx_word' id='word_1_12' title='bbox 173 687 252 746; x_wconf 85' lang='lat' dir='ltr'><strong>xime</strong></span> <span class='ocrx_word' id='word_1_13' title='bbox 277 687 466 763; x_wconf 81' lang='lat' dir='ltr'>quaestiones</span> <span class='ocrx_word' id='word_1_14' title='bbox 488 685 628 754; x_wconf 72' lang='lat' dir='ltr'>instituit,</span> <span class='ocrx_word' id='word_1_15' title='bbox 654 686 741 745; x_wconf 91' lang='lat' dir='ltr'>etiam</span> <span class='ocrx_word' id='word_1_16' title='bbox 763 684 893 748; x_wconf 86' lang='lat' dir='ltr'>Maronis</span> <span class='ocrx_word' id='word_1_17' title='bbox 915 686 961 745; x_wconf 94' lang='lat' dir='ltr'>sui</span> <span class='ocrx_word' id='word_1_18' title='bbox 983 702 1077 764; x_wconf 89' lang='lat' dir='ltr'>genus</span> <span class='ocrx_word' id='word_1_19' title='bbox 1099 685 1217 746; x_wconf 92' lang='lat' dir='ltr'>dicendi</span> <span class='ocrx_word' id='word_1_20' title='bbox 1239 704 1318 748; x_wconf 93' lang='lat' dir='ltr'>com-</span> 
     </span>
     <span class='ocr_line' id='line_1_4' title="bbox 171 785 1315 881; baseline -0.002 -33"><span class='ocrx_word' id='word_1_21' title='bbox 171 789 334 849; x_wconf 82' lang='lat' dir='ltr'>mentariis.</span> <span class='ocrx_word' id='word_1_22' title='bbox 360 786 535 867; x_wconf 89' lang='lat' dir='ltr'>quibusdam</span> <span class='ocrx_word' id='word_1_23' title='bbox 568 785 614 846; x_wconf 90' lang='lat' dir='ltr'>vel</span> <span class='ocrx_word' id='word_1_24' title='bbox 647 805 714 881; x_wconf 25' lang='lat' dir='ltr'>per!</span> <span class='ocrx_word' id='word_1_25' title='bbox 735 785 876 866; x_wconf 79' lang='lat' dir='ltr'>epistulas</span> <span class='ocrx_word' id='word_1_26' title='bbox 908 787 939 848; x_wconf 92' lang='lat' dir='ltr'>in</span> <span class='ocrx_word' id='word_1_27' title='bbox 971 785 1114 848; x_wconf 91' lang='lat' dir='ltr'>iudicium</span> <span class='ocrx_word' id='word_1_28' title='bbox 1144 789 1315 850; x_wconf 90' lang='lat' dir='ltr'>vocavisset.</span> 
     </span>
     <span class='ocr_line' id='line_1_5' title="bbox 171 886 1318 970; baseline 0.002 -21"><span class='ocrx_word' id='word_1_29' title='bbox 171 889 245 949; x_wconf 92' lang='lat' dir='ltr'>Nam</span> <span class='ocrx_word' id='word_1_30' title='bbox 259 889 414 967; x_wconf 90' lang='lat' dir='ltr'>quidquid</span> <span class='ocrx_word' id='word_1_31' title='bbox 437 889 474 949; x_wconf 90' lang='lat' dir='ltr'>de</span> <span class='ocrx_word' id='word_1_32' title='bbox 497 888 543 949; x_wconf 94' lang='lat' dir='ltr'>his</span> <span class='ocrx_word' id='word_1_33' title='bbox 566 889 659 950; x_wconf 83' lang='lat' dir='ltr'>Asinii</span> <span class='ocrx_word' id='word_1_34' title='bbox 681 887 786 948; x_wconf 90' lang='lat' dir='ltr'>studiis</span> <span class='ocrx_word' id='word_1_35' title='bbox 807 886 948 950; x_wconf 92' lang='lat' dir='ltr'>traditum</span> <span class='ocrx_word' id='word_1_36' title='bbox 973 897 1031 960; x_wconf 87' lang='lat' dir='ltr'>est,</span> <span class='ocrx_word' id='word_1_37' title='bbox 1062 896 1176 970; x_wconf 90' lang='lat' dir='ltr'>spectat</span> <span class='ocrx_word' id='word_1_38' title='bbox 1199 891 1236 951; x_wconf 92' lang='lat' dir='ltr'>ad</span> <span class='ocrx_word' id='word_1_39' title='bbox 1258 891 1318 951; x_wconf 91' lang='lat' dir='ltr'>sin-</span> 
     </span>
     <span class='ocr_line' id='line_1_6' title="bbox 173 989 1321 1072; baseline 0.001 -21"><span class='ocrx_word' id='word_1_40' title='bbox 173 991 240 1070; x_wconf 91' lang='lat' dir='ltr'>gula</span> <span class='ocrx_word' id='word_1_41' title='bbox 264 991 407 1053; x_wconf 89' lang='lat' dir='ltr'>voeabula</span> <span class='ocrx_word' id='word_1_42' title='bbox 431 989 624 1070; x_wconf 77' lang='lat' dir='ltr'>singulasque</span> <span class='ocrx_word' id='word_1_43' title='bbox 647 989 804 1051; x_wconf 89' lang='lat' dir='ltr'>verborum</span> <span class='ocrx_word' id='word_1_44' title='bbox 827 991 938 1051; x_wconf 87' lang='lat' dir='ltr'>lormas</span> <span class='ocrx_word' id='word_1_45' title='bbox 956 992 1179 1054; x_wconf 82' lang='lat' dir='ltr'>examinandas:</span> <span class='ocrx_word' id='word_1_46' title='bbox 1203 993 1321 1072; x_wconf 87' lang='lat' dir='ltr'>negavit</span> 
     </span>
     <span class='ocr_line' id='line_1_7' title="bbox 172 1092 1320 1172; baseline 0 -18"><span class='ocrx_word' id='word_1_47' title='bbox 172 1102 393 1172; x_wconf 85' lang='lat' dir='ltr'>transgressum</span> <span class='ocrx_word' id='word_1_48' title='bbox 429 1095 548 1154; x_wconf 92' lang='lat' dir='ltr'>navium</span> <span class='ocrx_word' id='word_1_49' title='bbox 582 1101 843 1170; x_wconf 78' lang='lat' dir='ltr'>transgressosque</span> <span class='ocrx_word' id='word_1_50' title='bbox 875 1092 983 1154; x_wconf 87' lang='lat' dir='ltr'>milites</span> <span class='ocrx_word' id='word_1_51' title='bbox 1015 1102 1098 1156; x_wconf 88' lang='lat' dir='ltr'>reete</span> <span class='ocrx_word' id='word_1_52' title='bbox 1132 1113 1147 1154; x_wconf 92' lang='lat' dir='ltr'>a</span> <span class='ocrx_word' id='word_1_53' title='bbox 1180 1094 1320 1156; x_wconf 86' lang='lat' dir='ltr'>Sallustio</span> 
     </span>
     <span class='ocr_line' id='line_1_8' title="bbox 172 1192 1318 1274; baseline 0 -18"><span class='ocrx_word' id='word_1_54' title='bbox 172 1195 242 1272; x_wconf 90' lang='lat' dir='ltr'>dici,</span> <span class='ocrx_word' id='word_1_55' title='bbox 268 1195 369 1256; x_wconf 90' lang='lat' dir='ltr'>docuit</span> <span class='ocrx_word' id='word_1_56' title='bbox 391 1195 553 1274; x_wconf 85' lang='lat' dir='ltr'>pugillares</span> <span class='ocrx_word' id='word_1_57' title='bbox 570 1193 683 1254; x_wconf 88' lang='lat' dir='ltr'>Catullo</span> <span class='ocrx_word' id='word_1_58' title='bbox 706 1213 765 1255; x_wconf 94' lang='lat' dir='ltr'>non</span> <span class='ocrx_word' id='word_1_59' title='bbox 780 1192 937 1274; x_wconf 82' lang='lat' dir='ltr'>pugillaria</span> <span class='ocrx_word' id='word_1_60' title='bbox 952 1195 1111 1258; x_wconf 89' lang='lat' dir='ltr'>dicendum</span> <span class='ocrx_word' id='word_1_61' title='bbox 1126 1197 1231 1267; x_wconf 89' lang='lat' dir='ltr'>luisse,</span> <span class='ocrx_word' id='word_1_62' title='bbox 1247 1198 1318 1256; x_wconf 90' lang='lat' dir='ltr'>item</span> 
     </span>
     <span class='ocr_line' id='line_1_9' title="bbox 176 1296 1320 1377; baseline 0.002 -22"><span class='ocrx_word' id='word_1_63' title='bbox 176 1299 357 1377; x_wconf 87' lang='lat' dir='ltr'>vituperavit</span> <span class='ocrx_word' id='word_1_64' title='bbox 379 1298 499 1358; x_wconf 88' lang='lat' dir='ltr'>nimiam</span> <span class='ocrx_word' id='word_1_65' title='bbox 515 1299 546 1356; x_wconf 93' lang='lat' dir='ltr'>in</span> <span class='ocrx_word' id='word_1_66' title='bbox 563 1296 701 1358; x_wconf 90' lang='lat' dir='ltr'>Sallustio</span> <span class='ocrx_word' id='word_1_67' title='bbox 717 1297 886 1376; x_wconf 90' lang='lat' dir='ltr'>priscorum</span> <span class='ocrx_word' id='word_1_68' title='bbox 902 1297 1061 1359; x_wconf 87' lang='lat' dir='ltr'>verborum</span> <span class='ocrx_word' id='word_1_69' title='bbox 1082 1297 1320 1366; x_wconf 77' lang='lat' dir='ltr'>adfectationem,</span> 
     </span>
    </p>
   </div>
   <div class='ocr_carea' id='block_1_3' title="bbox 173 1399 1437 1478">
    <p class='ocr_par' dir='ltr' id='par_1_3' title="bbox 173 1399 1437 1478">
     <span class='ocr_line' id='line_1_10' title="bbox 173 1399 1437 1478; baseline 0.002 -20"><span class='ocrx_word' id='word_1_70' title='bbox 173 1401 335 1460; x_wconf 89' lang='lat' dir='ltr'>insectatus</span> <span class='ocrx_word' id='word_1_71' title='bbox 358 1405 404 1459; x_wconf 90' lang='lat' dir='ltr'>est</span> <span class='ocrx_word' id='word_1_72' title='bbox 425 1399 493 1458; x_wconf 91' lang='lat' dir='ltr'>vitia</span> <span class='ocrx_word' id='word_1_73' title='bbox 517 1400 659 1460; x_wconf 89' lang='lat' dir='ltr'>orationis</span> <span class='ocrx_word' id='word_1_74' title='bbox 680 1399 903 1464; x_wconf 82' lang='lat' dir='ltr'>Cleeronianae,</span> <span class='ocrx_word' id='word_1_75' title='bbox 926 1399 1149 1462; x_wconf 90' lang='lat' dir='ltr'>Patavinitatem</span> <span class='ocrx_word' id='word_1_76' title='bbox 1173 1400 1321 1478; x_wconf 90' lang='lat' dir='ltr'>quandam</span> <span class='ocrx_word' id='word_1_77' title='bbox 1410 1399 1437 1412; x_wconf 83' lang='lat'>&#39;&#39;</span> 
     </span>
    </p>
   </div>
   <div class='ocr_carea' id='block_1_4' title="bbox 174 1499 1389 4544">
    <p class='ocr_par' dir='ltr' id='par_1_4' title="bbox 174 1499 1352 1986">
     <span class='ocr_line' id='line_1_11' title="bbox 174 1499 1322 1580; baseline 0.001 -20"><span class='ocrx_word' id='word_1_78' title='bbox 174 1501 247 1561; x_wconf 93' lang='lat' dir='ltr'>Livii</span> <span class='ocrx_word' id='word_1_79' title='bbox 269 1520 328 1561; x_wconf 93' lang='lat' dir='ltr'>non</span> <span class='ocrx_word' id='word_1_80' title='bbox 352 1502 448 1579; x_wconf 92' lang='lat' dir='ltr'>potuit</span> <span class='ocrx_word' id='word_1_81' title='bbox 471 1501 527 1560; x_wconf 93' lang='lat' dir='ltr'>nisi</span> <span class='ocrx_word' id='word_1_82' title='bbox 558 1502 589 1561; x_wconf 92' lang='lat' dir='ltr'>in</span> <span class='ocrx_word' id='word_1_83' title='bbox 617 1506 767 1561; x_wconf 89' lang='lat' dir='ltr'>certarum</span> <span class='ocrx_word' id='word_1_84' title='bbox 795 1499 981 1580; x_wconf 89' lang='lat' dir='ltr'>quarundam</span> <span class='ocrx_word' id='word_1_85' title='bbox 1009 1520 1112 1563; x_wconf 90' lang='lat' dir='ltr'>vocum</span> <span class='ocrx_word' id='word_1_86' title='bbox 1141 1521 1197 1564; x_wconf 92' lang='lat' dir='ltr'>usu</span> <span class='ocrx_word' id='word_1_87' title='bbox 1224 1504 1322 1564; x_wconf 92' lang='lat' dir='ltr'>minus</span> 
     </span>
     <span class='ocr_line' id='line_1_12' title="bbox 175 1585 1352 1683; baseline 0 -20"><span class='ocrx_word' id='word_1_88' title='bbox 175 1603 290 1663; x_wconf 89' lang='lat' dir='ltr'>urbano</span> <span class='ocrx_word' id='word_1_89' title='bbox 306 1601 549 1682; x_wconf 90' lang='lat' dir='ltr'>deprehendere;</span> <span class='ocrx_word' id='word_1_90' title='bbox 566 1621 656 1683; x_wconf 89' lang='lat' dir='ltr'>porro</span> <span class='ocrx_word' id='word_1_91' title='bbox 673 1605 785 1681; x_wconf 74' lang='lat' dir='ltr'>‘puer’</span> <span class='ocrx_word' id='word_1_92' title='bbox 803 1603 890 1663; x_wconf 93' lang='lat' dir='ltr'>etiam</span> <span class='ocrx_word' id='word_1_93' title='bbox 906 1603 1050 1664; x_wconf 80' lang='lat' dir='ltr'>feminino</span> <span class='ocrx_word' id='word_1_94' title='bbox 1066 1622 1177 1682; x_wconf 90' lang='lat' dir='ltr'>genere</span> <span class='ocrx_word' id='word_1_95' title='bbox 1193 1606 1223 1664; x_wconf 93' lang='lat' dir='ltr'>in</span> <span class='ocrx_word' id='word_1_96' title='bbox 1238 1603 1323 1665; x_wconf 86' lang='lat' dir='ltr'>Nelei</span> <span class='ocrx_word' id='word_1_97' title='bbox 1350 1585 1352 1592; x_wconf 41' lang='lat'><strong>¹</strong></span> 
     </span>
     <span class='ocr_line' id='line_1_13' title="bbox 177 1703 1323 1785; baseline 0.001 -20"><span class='ocrx_word' id='word_1_98' title='bbox 177 1707 308 1766; x_wconf 89' lang='lat' dir='ltr'>carmine</span> <span class='ocrx_word' id='word_1_99' title='bbox 330 1706 470 1784; x_wconf 89' lang='lat' dir='ltr'>usurpari</span> <span class='ocrx_word' id='word_1_100' title='bbox 499 1703 663 1773; x_wconf 89' lang='lat' dir='ltr'>adnotavit,</span> <span class='ocrx_word' id='word_1_101' title='bbox 701 1713 821 1766; x_wconf 88' lang='lat' dir='ltr'>nactum</span> <span class='ocrx_word' id='word_1_102' title='bbox 845 1704 957 1784; x_wconf 88' lang='lat' dir='ltr'>absque</span> <span class='ocrx_word' id='word_1_103' title='bbox 980 1724 1000 1766; x_wconf 89' lang='lat' dir='ltr'>n</span> <span class='ocrx_word' id='word_1_104' title='bbox 1024 1707 1214 1768; x_wconf 83' lang='lat' dir='ltr'>scribendum</span> <span class='ocrx_word' id='word_1_105' title='bbox 1237 1724 1323 1785; x_wconf 91' lang='lat' dir='ltr'>prae·</span> 
     </span>
     <span class='ocr_line' id='line_1_14' title="bbox 177 1805 1325 1886; baseline 0.001 -19"><span class='ocrx_word' id='word_1_106' title='bbox 177 1809 269 1886; x_wconf 83' lang='lat' dir='ltr'>¹oepit.</span> <span class='ocrx_word' id='word_1_107' title='bbox 296 1805 462 1868; x_wconf 87' lang='lat' dir='ltr'>Videndum</span> <span class='ocrx_word' id='word_1_108' title='bbox 477 1807 568 1884; x_wconf 89' lang='lat' dir='ltr'>igitur</span> <span class='ocrx_word' id='word_1_109' title='bbox 583 1825 655 1866; x_wconf 83' lang='lat' dir='ltr'>nuni</span> <span class='ocrx_word' id='word_1_110' title='bbox 679 1807 713 1867; x_wconf 93' lang='lat' dir='ltr'>ad</span> <span class='ocrx_word' id='word_1_111' title='bbox 737 1807 814 1869; x_wconf 88' lang='lat' dir='ltr'>hano</span> <span class='ocrx_word' id='word_1_112' title='bbox 837 1807 1008 1868; x_wconf 90' lang='lat' dir='ltr'>studiorum</span> <span class='ocrx_word' id='word_1_113' title='bbox 1023 1809 1154 1870; x_wconf 91' lang='lat' dir='ltr'>indolem</span> <span class='ocrx_word' id='word_1_114' title='bbox 1177 1807 1325 1885; x_wconf 85' lang='lat' dir='ltr'>quadrent</span> 
     </span>
     <span class='ocr_line' id='line_1_15' title="bbox 177 1909 1148 1986; baseline 0.002 -17"><span class='ocrx_word' id='word_1_115' title='bbox 177 1926 252 1986; x_wconf 89' lang='lat' dir='ltr'>quae</span> <span class='ocrx_word' id='word_1_116' title='bbox 274 1909 417 1970; x_wconf 91' lang='lat' dir='ltr'>Pollionis</span> <span class='ocrx_word' id='word_1_117' title='bbox 439 1909 560 1969; x_wconf 91' lang='lat' dir='ltr'>nomine</span> <span class='ocrx_word' id='word_1_118' title='bbox 589 1909 625 1968; x_wconf 91' lang='lat' dir='ltr'>ad</span> <span class='ocrx_word' id='word_1_119' title='bbox 648 1909 811 1969; x_wconf 82' lang='lat' dir='ltr'>Aeneidem</span> <span class='ocrx_word' id='word_1_120' title='bbox 840 1909 990 1970; x_wconf 88' lang='lat' dir='ltr'>adnotavit</span> <span class='ocrx_word' id='word_1_121' title='bbox 1013 1910 1148 1971; x_wconf 91' lang='lat' dir='ltr'>Servius.</span> 
     </span>
    </p>

    <p class='ocr_par' dir='ltr' id='par_1_5' title="bbox 178 2009 1389 3418">
     <span class='ocr_line' id='line_1_16' title="bbox 264 2009 1324 2091; baseline 0.002 -21"><span class='ocrx_word' id='word_1_122' title='bbox 264 2012 304 2070; x_wconf 90' lang='lat' dir='ltr'>Ac</span> <span class='ocrx_word' id='word_1_123' title='bbox 320 2013 449 2090; x_wconf 91' lang='lat' dir='ltr'>primum</span> <span class='ocrx_word' id='word_1_124' title='bbox 464 2009 548 2070; x_wconf 91' lang='lat' dir='ltr'>valde</span> <span class='ocrx_word' id='word_1_125' title='bbox 563 2011 694 2089; x_wconf 89' lang='lat' dir='ltr'>ineptam</span> <span class='ocrx_word' id='word_1_126' title='bbox 713 2010 871 2071; x_wconf 85' lang='lat' dir='ltr'>verborum</span> <span class='ocrx_word' id='word_1_127' title='bbox 887 2013 965 2088; x_wconf 80' lang='lat' dir='ltr'>‘quis</span> <span class='ocrx_word' id='word_1_128' title='bbox 982 2011 1047 2072; x_wconf 89' lang='lat' dir='ltr'>talia</span> <span class='ocrx_word' id='word_1_129' title='bbox 1064 2012 1153 2072; x_wconf 93' lang='lat' dir='ltr'>lando</span> <span class='ocrx_word' id='word_1_130' title='bbox 1164 2012 1324 2091; x_wconf 90' lang='lat' dir='ltr'>Myrmido-</span> 
     </span>
     <span class='ocr_line' id='line_1_17' title="bbox 178 2111 1367 2194; baseline -0.002 -19"><span class='ocrx_word' id='word_1_131' title='bbox 178 2132 250 2175; x_wconf 91' lang='lat' dir='ltr'>num</span> <span class='ocrx_word' id='word_1_132' title='bbox 265 2113 447 2193; x_wconf 85' lang='lat' dir='ltr'>Dolopumve</span> <span class='ocrx_word' id='word_1_133' title='bbox 461 2120 511 2173; x_wconf 91' lang='lat' dir='ltr'>aut</span> <span class='ocrx_word' id='word_1_134' title='bbox 522 2113 590 2174; x_wconf 89' lang='lat' dir='ltr'>duri</span> <span class='ocrx_word' id='word_1_135' title='bbox 606 2111 692 2172; x_wconf 90' lang='lat' dir='ltr'>miles</span> <span class='ocrx_word' id='word_1_136' title='bbox 704 2111 781 2172; x_wconf 86' lang='lat' dir='ltr'>Ulixi</span> <span class='ocrx_word' id='word_1_137' title='bbox 793 2120 940 2191; x_wconf 91' lang='lat' dir='ltr'>temperet</span> <span class='ocrx_word' id='word_1_138' title='bbox 951 2133 967 2173; x_wconf 93' lang='lat' dir='ltr'>a</span> <span class='ocrx_word' id='word_1_139' title='bbox 978 2113 1125 2174; x_wconf 86' lang='lat' dir='ltr'>lacrimis&#39;</span> <span class='ocrx_word' id='word_1_140' title='bbox 1139 2112 1215 2194; x_wconf 79' lang='lat'><em>(117)</em></span> <span class='ocrx_word' id='word_1_141' title='bbox 1231 2113 1322 2193; x_wconf 88' lang='lat' dir='ltr'>expli·</span> <span class='ocrx_word' id='word_1_142' title='bbox 1362 2138 1367 2146; x_wconf 62' lang='lat'>¹</span> 
     </span>
     <span class='ocr_line' id='line_1_18' title="bbox 180 2213 1324 2294; baseline 0 -18"><span class='ocrx_word' id='word_1_143' title='bbox 180 2218 324 2276; x_wconf 91' lang='lat' dir='ltr'>cationem</span> <span class='ocrx_word' id='word_1_144' title='bbox 347 2215 492 2294; x_wconf 58' lang='lat' dir='ltr'>legimus</span> <span class='ocrx_word' id='word_1_145' title='bbox 517 2234 605 2294; x_wconf 89' lang='lat' dir='ltr'>quam</span> <span class='ocrx_word' id='word_1_146' title='bbox 628 2213 677 2274; x_wconf 91' lang='lat' dir='ltr'>ille</span> <span class='ocrx_word' id='word_1_147' title='bbox 700 2215 807 2274; x_wconf 88' lang='lat' dir='ltr'>merito</span> <span class='ocrx_word' id='word_1_148' title='bbox 830 2215 997 2294; x_wconf 90' lang='lat' dir='ltr'>repudiavit</span> <span class='ocrx_word' id='word_1_149' title='bbox 1018 2215 1078 2276; x_wconf 91' lang='lat' dir='ltr'>bis:</span> <span class='ocrx_word' id='word_1_150' title='bbox 1104 2215 1194 2276; x_wconf 79' lang='lat' dir='ltr'>‘illud</span> <span class='ocrx_word' id='word_1_151' title='bbox 1217 2224 1324 2285; x_wconf 93' lang='lat' dir='ltr'>autem,</span> 
     </span>
     <span class='ocr_line' id='line_1_19' title="bbox 180 2316 1327 2406; baseline -0.001 -27"><span class='ocrx_word' id='word_1_152' title='bbox 180 2319 257 2406; x_wconf 89' lang='lat' dir='ltr'>quod</span> <span class='ocrx_word' id='word_1_153' title='bbox 287 2317 379 2380; x_wconf 92' lang='lat' dir='ltr'>Pollio</span> <span class='ocrx_word' id='word_1_154' title='bbox 410 2317 498 2387; x_wconf 86' lang='lat' dir='ltr'>dicit,</span> <span class='ocrx_word' id='word_1_155' title='bbox 527 2325 610 2377; x_wconf 87' lang='lat' dir='ltr'>caret</span> <span class='ocrx_word' id='word_1_156' title='bbox 636 2318 765 2385; x_wconf 91' lang='lat' dir='ltr'>ratione,</span> <span class='ocrx_word' id='word_1_157' title='bbox 796 2317 833 2376; x_wconf 93' lang='lat' dir='ltr'>de</span> <span class='ocrx_word' id='word_1_158' title='bbox 861 2316 1078 2378; x_wconf 80' lang='lat' dir='ltr'>Achaemenide</span> <span class='ocrx_word' id='word_1_159' title='bbox 1106 2317 1217 2378; x_wconf 88' lang='lat' dir='ltr'>dictum</span> <span class='ocrx_word' id='word_1_160' title='bbox 1243 2321 1327 2379; x_wconf 78' lang='lat' dir='ltr'>miles</span> 
     </span>
     <span class='ocr_line' id='line_1_20' title="bbox 183 2419 1327 2508; baseline -0.002 -26"><span class='ocrx_word' id='word_1_161' title='bbox 183 2422 283 2496; x_wconf 76' lang='lat' dir='ltr'>Ula&#39;oca‘,</span> <span class='ocrx_word' id='word_1_162' title='bbox 318 2419 517 2500; x_wconf 79' lang='lat' dir='ltr'>Myrmidonas</span> <span class='ocrx_word' id='word_1_163' title='bbox 549 2437 618 2480; x_wconf 91' lang='lat' dir='ltr'>vero</span> <span class='ocrx_word' id='word_1_164' title='bbox 641 2427 670 2479; x_wconf 86' lang='lat' dir='ltr'>et.</span> <span class='ocrx_word' id='word_1_165' title='bbox 691 2419 818 2498; x_wconf 88' lang='lat' dir='ltr'>Dolopas</span> <span class='ocrx_word' id='word_1_166' title='bbox 840 2426 1014 2499; x_wconf 87' lang='lat' dir='ltr'>praesentes</span> <span class='ocrx_word' id='word_1_167' title='bbox 1042 2437 1108 2508; x_wconf 86' lang='lat' dir='ltr'>esse</span> <span class='ocrx_word' id='word_1_168' title='bbox 1130 2428 1268 2498; x_wconf 90' lang='lat' dir='ltr'>acceptos</span> <span class='ocrx_word' id='word_1_169' title='bbox 1290 2420 1327 2480; x_wconf 91' lang='lat' dir='ltr'>ab</span> 
     </span>
     <span class='ocr_line' id='line_1_21' title="bbox 181 2519 1328 2600; baseline 0 -18"><span class='ocrx_word' id='word_1_170' title='bbox 181 2522 314 2591; x_wconf 91' lang='lat' dir='ltr'>Heleno;</span> <span class='ocrx_word' id='word_1_171' title='bbox 345 2523 387 2582; x_wconf 86' lang='lat' dir='ltr'>sic</span> <span class='ocrx_word' id='word_1_172' title='bbox 411 2523 489 2582; x_wconf 92' lang='lat' dir='ltr'>enim</span> <span class='ocrx_word' id='word_1_173' title='bbox 512 2521 658 2599; x_wconf 90' lang='lat' dir='ltr'>lrangitur</span> <span class='ocrx_word' id='word_1_174' title='bbox 681 2519 751 2581; x_wconf 89' lang='lat' dir='ltr'>dieti</span> <span class='ocrx_word' id='word_1_175' title='bbox 774 2520 928 2598; x_wconf 84' lang='lat' dir='ltr'>dignitas&#39;</span> <span class='ocrx_word' id='word_1_176' title='bbox 979 2521 1096 2582; x_wconf 87' lang='lat' dir='ltr'>Putavit</span> <span class='ocrx_word' id='word_1_177' title='bbox 1122 2523 1212 2600; x_wconf 90' lang='lat' dir='ltr'>igitur</span> <span class='ocrx_word' id='word_1_178' title='bbox 1234 2521 1328 2582; x_wconf 92' lang='lat' dir='ltr'>Pollio</span> 
     </span>
     <span class='ocr_line' id='line_1_22' title="bbox 181 2621 1326 2704; baseline 0.002 -22"><span class='ocrx_word' id='word_1_179' title='bbox 181 2625 238 2684; x_wconf 92' lang='lat' dir='ltr'>iste</span> <span class='ocrx_word' id='word_1_180' title='bbox 274 2623 378 2684; x_wconf 90' lang='lat' dir='ltr'>adesse</span> <span class='ocrx_word' id='word_1_181' title='bbox 414 2625 465 2702; x_wconf 91' lang='lat' dir='ltr'>qui</span> <span class='ocrx_word' id='word_1_182' title='bbox 493 2642 519 2682; x_wconf 88' lang='lat' dir='ltr'>v.</span> <span class='ocrx_word' id='word_1_183' title='bbox 555 2621 573 2684; x_wconf 78' lang='lat' dir='ltr'>i</span> <span class='ocrx_word' id='word_1_184' title='bbox 606 2624 808 2701; x_wconf 84' lang='lat' dir='ltr'>significantur</span> <span class='ocrx_word' id='word_1_185' title='bbox 848 2631 877 2684; x_wconf 89' lang='lat' dir='ltr'>et</span> <span class='ocrx_word' id='word_1_186' title='bbox 903 2623 1102 2704; x_wconf 89' lang='lat' dir='ltr'>Myrmidones</span> <span class='ocrx_word' id='word_1_187' title='bbox 1128 2625 1326 2704; x_wconf 87' lang='lat' dir='ltr'>Dolopesque,</span> 
     </span>
     <span class='ocr_line' id='line_1_23' title="bbox 187 2720 1366 2807; baseline 0.001 -22"><span class='ocrx_word' id='word_1_188' title='bbox 187 2743 315 2805; x_wconf 91' lang='lat' dir='ltr'>quorum</span> <span class='ocrx_word' id='word_1_189' title='bbox 338 2725 452 2786; x_wconf 87' lang='lat' dir='ltr'>scilicet</span> <span class='ocrx_word' id='word_1_190' title='bbox 474 2726 558 2803; x_wconf 90' lang='lat' dir='ltr'>copia</span> <span class='ocrx_word' id='word_1_191' title='bbox 574 2724 715 2794; x_wconf 90' lang='lat' dir='ltr'>Helenus,</span> <span class='ocrx_word' id='word_1_192' title='bbox 740 2726 893 2804; x_wconf 71' lang='lat' dir='ltr'>‘coniugio</span> <span class='ocrx_word' id='word_1_193' title='bbox 908 2727 1052 2787; x_wconf 85' lang='lat' dir='ltr'>Aeacidae</span> <span class='ocrx_word' id='word_1_194' title='bbox 1066 2720 1173 2807; x_wconf 89' lang='lat' dir='ltr'>Pyrrhi</span> <span class='ocrx_word' id='word_1_195' title='bbox 1188 2729 1327 2806; x_wconf 88' lang='lat' dir='ltr'>sceptris·</span> <span class='ocrx_word' id='word_1_196' title='bbox 1364 2736 1366 2740; x_wconf 83' lang='lat'>&#39;</span> 
     </span>
     <span class='ocr_line' id='line_1_24' title="bbox 180 2811 1389 2908; baseline 0 -20"><span class='ocrx_word' id='word_1_197' title='bbox 180 2811 246 2907; x_wconf 86' lang='lat' dir='ltr'>¹que</span> <span class='ocrx_word' id='word_1_198' title='bbox 268 2828 396 2906; x_wconf 85' lang='lat' dir='ltr'>potitus&#39;</span> <span class='ocrx_word' id='word_1_199' title='bbox 422 2826 476 2905; x_wconf 60' lang='lat' dir='ltr'>(lit,</span> <span class='ocrx_word' id='word_1_200' title='bbox 491 2823 574 2902; x_wconf 80' lang='lat'>296),</span> <span class='ocrx_word' id='word_1_201' title='bbox 598 2829 754 2905; x_wconf 86' lang='lat' dir='ltr'>remigium</span> <span class='ocrx_word' id='word_1_202' title='bbox 767 2827 884 2888; x_wconf 87' lang='lat' dir='ltr'>Aeneae</span> <span class='ocrx_word' id='word_1_203' title='bbox 906 2827 1089 2908; x_wconf 88' lang='lat' dir='ltr'>suppleverit</span> <span class='ocrx_word' id='word_1_204' title='bbox 1112 2827 1203 2908; x_wconf 75' lang='lat'>(471),</span> <span class='ocrx_word' id='word_1_205' title='bbox 1228 2830 1328 2907; x_wconf 91' lang='lat' dir='ltr'>etqui</span> <span class='ocrx_word' id='word_1_206' title='bbox 1384 2887 1389 2898; x_wconf 84' lang='grc'>,</span> 
     </span>
     <span class='ocr_line' id='line_1_25' title="bbox 185 2927 1327 3011; baseline 0 -21"><span class='ocrx_word' id='word_1_207' title='bbox 185 2931 221 2990; x_wconf 93' lang='lat' dir='ltr'>ad</span> <span class='ocrx_word' id='word_1_208' title='bbox 242 2927 403 3011; x_wconf 90' lang='lat' dir='ltr'>Cyclopum</span> <span class='ocrx_word' id='word_1_209' title='bbox 426 2947 494 2990; x_wconf 88' lang='lat' dir='ltr'>oras</span> <span class='ocrx_word' id='word_1_210' title='bbox 517 2928 645 3009; x_wconf 89' lang='lat' dir='ltr'>adlapsis</span> <span class='ocrx_word' id='word_1_211' title='bbox 667 2929 731 2990; x_wconf 88' lang='lat' dir='ltr'>dira</span> <span class='ocrx_word' id='word_1_212' title='bbox 754 2931 829 2991; x_wconf 90' lang='lat' dir='ltr'>laeie</span> <span class='ocrx_word' id='word_1_213' title='bbox 852 2948 884 2990; x_wconf 90' lang='lat' dir='ltr'>se</span> <span class='ocrx_word' id='word_1_214' title='bbox 907 2929 1022 2991; x_wconf 89' lang='lat' dir='ltr'>obviarn</span> <span class='ocrx_word' id='word_1_215' title='bbox 1044 2929 1152 2992; x_wconf 88' lang='lat' dir='ltr'>tulerat</span> <span class='ocrx_word' id='word_1_216' title='bbox 1174 2939 1327 3009; x_wconf 88' lang='lat' dir='ltr'>exceptus-</span> 
     </span>
     <span class='ocr_line' id='line_1_26' title="bbox 185 3029 1328 3110; baseline 0.001 -17"><span class='ocrx_word' id='word_1_217' title='bbox 185 3051 245 3110; x_wconf 90' lang='lat' dir='ltr'>que</span> <span class='ocrx_word' id='word_1_218' title='bbox 276 3033 313 3093; x_wconf 92' lang='lat' dir='ltr'>ab</span> <span class='ocrx_word' id='word_1_219' title='bbox 336 3030 463 3092; x_wconf 91' lang='lat' dir='ltr'>Anchisa</span> <span class='ocrx_word' id='word_1_220' title='bbox 491 3030 634 3092; x_wconf 92' lang='lat' dir='ltr'>benevole</span> <span class='ocrx_word' id='word_1_221' title='bbox 662 3040 727 3092; x_wconf 89' lang='lat' dir='ltr'>erat</span> <span class='ocrx_word' id='word_1_222' title='bbox 756 3029 898 3109; x_wconf 79' lang='lat'><em>(111610)</em></span> <span class='ocrx_word' id='word_1_223' title='bbox 929 3033 1053 3093; x_wconf 74' lang='lat' dir='ltr'>‘comes</span> <span class='ocrx_word' id='word_1_224' title='bbox 1075 3033 1202 3093; x_wconf 91' lang='lat' dir='ltr'>inlelieis</span> <span class='ocrx_word' id='word_1_225' title='bbox 1224 3031 1328 3108; x_wconf 87' lang='lat' dir='ltr'>Ulixi’,</span> 
     </span>
     <span class='ocr_line' id='line_1_27' title="bbox 186 3133 1328 3210; baseline -0.002 -14"><span class='ocrx_word' id='word_1_226' title='bbox 186 3133 442 3197; x_wconf 88' lang='lat' dir='ltr'>Achaemeniden:</span> <span class='ocrx_word' id='word_1_227' title='bbox 478 3134 562 3210; x_wconf 92' lang='lat' dir='ltr'>quasi</span> <span class='ocrx_word' id='word_1_228' title='bbox 590 3152 660 3194; x_wconf 92' lang='lat' dir='ltr'>vero</span> <span class='ocrx_word' id='word_1_229' title='bbox 688 3133 719 3194; x_wconf 91' lang='lat' dir='ltr'>hi</span> <span class='ocrx_word' id='word_1_230' title='bbox 746 3134 824 3197; x_wconf 88' lang='lat' dir='ltr'>inter</span> <span class='ocrx_word' id='word_1_231' title='bbox 853 3153 956 3195; x_wconf 92' lang='lat' dir='ltr'>omnes</span> <span class='ocrx_word' id='word_1_232' title='bbox 983 3134 1123 3195; x_wconf 91' lang='lat' dir='ltr'>mortales</span> <span class='ocrx_word' id='word_1_233' title='bbox 1149 3136 1270 3195; x_wconf 92' lang='lat' dir='ltr'>minime</span> <span class='ocrx_word' id='word_1_234' title='bbox 1293 3135 1328 3195; x_wconf 92' lang='lat' dir='ltr'>ad</span> 
     </span>
     <span class='ocr_line' id='line_1_28' title="bbox 186 3234 1328 3316; baseline 0 -20"><span class='ocrx_word' id='word_1_235' title='bbox 186 3236 325 3297; x_wconf 89' lang='lat' dir='ltr'>lacrimas</span> <span class='ocrx_word' id='word_1_236' title='bbox 348 3238 460 3297; x_wconf 94' lang='lat' dir='ltr'>moveri</span> <span class='ocrx_word' id='word_1_237' title='bbox 482 3242 614 3315; x_wconf 88' lang='lat' dir='ltr'>possent.</span> <span class='ocrx_word' id='word_1_238' title='bbox 659 3234 747 3296; x_wconf 89' lang='lat' dir='ltr'>Tales</span> <span class='ocrx_word' id='word_1_239' title='bbox 769 3237 889 3313; x_wconf 92' lang='lat' dir='ltr'>quidem</span> <span class='ocrx_word' id='word_1_240' title='bbox 911 3238 1038 3316; x_wconf 88' lang='lat' dir='ltr'>ineptias</span> <span class='ocrx_word' id='word_1_241' title='bbox 1060 3235 1190 3316; x_wconf 92' lang='lat' dir='ltr'>prolatas</span> <span class='ocrx_word' id='word_1_242' title='bbox 1213 3236 1249 3297; x_wconf 91' lang='lat' dir='ltr'>ab</span> <span class='ocrx_word' id='word_1_243' title='bbox 1264 3238 1328 3298; x_wconf 86' lang='lat' dir='ltr'>Asi·</span> 
     </span>
     <span class='ocr_line' id='line_1_29' title="bbox 184 3336 692 3418; baseline -0.002 -20"><span class='ocrx_word' id='word_1_244' title='bbox 184 3340 235 3399; x_wconf 92' lang='lat' dir='ltr'>nio</span> <span class='ocrx_word' id='word_1_245' title='bbox 258 3358 322 3400; x_wconf 90' lang='lat' dir='ltr'>esse</span> <span class='ocrx_word' id='word_1_246' title='bbox 345 3341 411 3418; x_wconf 92' lang='lat' dir='ltr'>quis</span> <span class='ocrx_word' id='word_1_247' title='bbox 434 3357 494 3399; x_wconf 94' lang='lat' dir='ltr'>non</span> <span class='ocrx_word' id='word_1_248' title='bbox 516 3336 692 3398; x_wconf 79' lang='lat' dir='ltr'>mirabitur?</span> 
     </span>
    </p>

    <p class='ocr_par' dir='ltr' id='par_1_6' title="bbox 186 3440 1334 4544">
     <span class='ocr_line' id='line_1_30' title="bbox 269 3440 1330 3525; baseline -0.001 -22"><span class='ocrx_word' id='word_1_249' title='bbox 269 3442 331 3503; x_wconf 89' lang='lat' dir='ltr'>Nec</span> <span class='ocrx_word' id='word_1_250' title='bbox 354 3461 390 3525; x_wconf 85' lang='lat' dir='ltr'>ex</span> <span class='ocrx_word' id='word_1_251' title='bbox 414 3443 478 3502; x_wconf 93' lang='lat' dir='ltr'>eius</span> <span class='ocrx_word' id='word_1_252' title='bbox 501 3459 590 3520; x_wconf 92' lang='lat' dir='ltr'>quem</span> <span class='ocrx_word' id='word_1_253' title='bbox 614 3459 703 3520; x_wconf 93' lang='lat' dir='ltr'>supra</span> <span class='ocrx_word' id='word_1_254' title='bbox 727 3440 872 3520; x_wconf 90' lang='lat' dir='ltr'>descripsi</span> <span class='ocrx_word' id='word_1_255' title='bbox 887 3459 970 3501; x_wconf 92' lang='lat' dir='ltr'>more</span> <span class='ocrx_word' id='word_1_256' title='bbox 993 3449 1042 3501; x_wconf 91' lang='lat' dir='ltr'>aut</span> <span class='ocrx_word' id='word_1_257' title='bbox 1057 3443 1177 3520; x_wconf 91' lang='lat' dir='ltr'>ingenio</span> <span class='ocrx_word' id='word_1_258' title='bbox 1192 3442 1330 3502; x_wconf 88' lang='lat' dir='ltr'>videntur</span> 
     </span>
     <span class='ocr_line' id='line_1_31' title="bbox 186 3539 1329 3621; baseline 0.001 -18"><span class='ocrx_word' id='word_1_259' title='bbox 186 3546 316 3621; x_wconf 87' lang='lat' dir='ltr'>argutiae</span> <span class='ocrx_word' id='word_1_260' title='bbox 340 3562 414 3614; x_wconf 87' lang='lat' dir='ltr'>esse,</span> <span class='ocrx_word' id='word_1_261' title='bbox 439 3542 546 3620; x_wconf 90' lang='lat' dir='ltr'>quibus</span> <span class='ocrx_word' id='word_1_262' title='bbox 568 3541 692 3604; x_wconf 78' lang='lat' dir='ltr'>‘auras&#39;</span> <span class='ocrx_word' id='word_1_263' title='bbox 715 3545 787 3604; x_wconf 89' lang='lat' dir='ltr'>Aen.</span> <span class='ocrx_word' id='word_1_264' title='bbox 804 3543 841 3602; x_wconf 91' lang='lat' dir='ltr'>Vl</span> <span class='ocrx_word' id='word_1_265' title='bbox 855 3539 917 3604; x_wconf 82' lang='lat'>561</span> <span class='ocrx_word' id='word_1_266' title='bbox 939 3543 1046 3603; x_wconf 90' lang='lat' dir='ltr'>dicitur</span> <span class='ocrx_word' id='word_1_267' title='bbox 1061 3544 1156 3604; x_wconf 93' lang='lat' dir='ltr'>Pollio</span> <span class='ocrx_word' id='word_1_268' title='bbox 1177 3562 1227 3604; x_wconf 92' lang='lat' dir='ltr'>eas</span> <span class='ocrx_word' id='word_1_269' title='bbox 1242 3543 1329 3618; x_wconf 87' lang='lat' dir='ltr'>intel·</span> 
     </span>
     <span class='ocr_line' id='line_1_32' title="bbox 187 3644 1330 3725; baseline 0.001 -20"><span class='ocrx_word' id='word_1_270' title='bbox 187 3645 306 3716; x_wconf 77' lang='lat' dir='ltr'>lenisse,</span> <span class='ocrx_word' id='word_1_271' title='bbox 331 3663 404 3722; x_wconf 93' lang='lat' dir='ltr'>quas</span> <span class='ocrx_word' id='word_1_272' title='bbox 425 3647 540 3706; x_wconf 85' lang='lat' dir='ltr'>Aeneas</span> <span class='ocrx_word' id='word_1_273' title='bbox 563 3653 593 3705; x_wconf 91' lang='lat' dir='ltr'>et</span> <span class='ocrx_word' id='word_1_274' title='bbox 616 3644 726 3725; x_wconf 81' lang='lat' dir='ltr'>Sibylla</span> <span class='ocrx_word' id='word_1_275' title='bbox 748 3645 785 3706; x_wconf 93' lang='lat' dir='ltr'>de</span> <span class='ocrx_word' id='word_1_276' title='bbox 808 3647 926 3724; x_wconf 90' lang='lat' dir='ltr'>superis</span> <span class='ocrx_word' id='word_1_277' title='bbox 950 3665 1051 3717; x_wconf 81' lang='lat' dir='ltr'>seeum</span> <span class='ocrx_word' id='word_1_278' title='bbox 1079 3655 1246 3717; x_wconf 83' lang='lat' dir='ltr'>traxerant,</span> <span class='ocrx_word' id='word_1_279' title='bbox 1270 3665 1330 3706; x_wconf 96' lang='lat' dir='ltr'>non</span> 
     </span>
     <span class='ocr_line' id='line_1_33' title="bbox 189 3746 1332 3828; baseline 0.002 -22"><span class='ocrx_word' id='word_1_280' title='bbox 189 3766 249 3817; x_wconf 90' lang='lat' dir='ltr'>eas,</span> <span class='ocrx_word' id='word_1_281' title='bbox 266 3748 374 3828; x_wconf 91' lang='lat' dir='ltr'>quibus</span> <span class='ocrx_word' id='word_1_282' title='bbox 387 3748 502 3808; x_wconf 91' lang='lat' dir='ltr'>iuleros</span> <span class='ocrx_word' id='word_1_283' title='bbox 518 3764 639 3827; x_wconf 91' lang='lat' dir='ltr'>quoqne</span> <span class='ocrx_word' id='word_1_284' title='bbox 653 3748 734 3808; x_wconf 91' lang='lat' dir='ltr'>vesci</span> <span class='ocrx_word' id='word_1_285' title='bbox 748 3746 841 3808; x_wconf 93' lang='lat' dir='ltr'>multo</span> <span class='ocrx_word' id='word_1_286' title='bbox 856 3747 1035 3826; x_wconf 89' lang='lat' dir='ltr'>prudentius</span> <span class='ocrx_word' id='word_1_287' title='bbox 1050 3749 1171 3810; x_wconf 86' lang='lat' dir='ltr'>Servius</span> <span class='ocrx_word' id='word_1_288' title='bbox 1187 3748 1332 3810; x_wconf 88' lang='lat' dir='ltr'>conclusit</span> 
     </span>
     <span class='ocr_line' id='line_1_34' title="bbox 189 3849 1332 3918; baseline 0 -8"><span class='ocrx_word' id='word_1_289' title='bbox 189 3870 225 3910; x_wconf 82' lang='lat' dir='ltr'>ex</span> <span class='ocrx_word' id='word_1_290' title='bbox 240 3871 267 3911; x_wconf 91' lang='lat' dir='ltr'>v.</span> <span class='ocrx_word' id='word_1_291' title='bbox 282 3849 345 3913; x_wconf 80' lang='lat'>554</span> <span class='ocrx_word' id='word_1_292' title='bbox 367 3854 443 3912; x_wconf 75' lang='lat' dir='ltr'>‘stat</span> <span class='ocrx_word' id='word_1_293' title='bbox 464 3851 562 3911; x_wconf 82' lang='lat' dir='ltr'>ferrea</span> <span class='ocrx_word' id='word_1_294' title='bbox 577 3851 669 3910; x_wconf 92' lang='lat' dir='ltr'>turris</span> <span class='ocrx_word' id='word_1_295' title='bbox 685 3849 726 3909; x_wconf 89' lang='lat' dir='ltr'>ad·</span> <span class='ocrx_word' id='word_1_296' title='bbox 737 3853 853 3918; x_wconf 86' lang='lat' dir='ltr'>auras&#39;,</span> <span class='ocrx_word' id='word_1_297' title='bbox 876 3849 928 3909; x_wconf 92' lang='lat' dir='ltr'>ubi</span> <span class='ocrx_word' id='word_1_298' title='bbox 943 3849 1016 3910; x_wconf 88' lang='lat' dir='ltr'>baec</span> <span class='ocrx_word' id='word_1_299' title='bbox 1032 3851 1195 3912; x_wconf 91' lang='lat' dir='ltr'>adnotavit:</span> <span class='ocrx_word' id='word_1_300' title='bbox 1220 3855 1332 3912; x_wconf 74' lang='lat' dir='ltr'>‘ouras</span> 
     </span>
     <span class='ocr_line' id='line_1_35' title="bbox 189 3951 1332 4041; baseline 0.003 -30"><span class='ocrx_word' id='word_1_301' title='bbox 189 3959 286 4041; x_wconf 88' lang='lat' dir='ltr'>autern</span> <span class='ocrx_word' id='word_1_302' title='bbox 309 3954 415 4014; x_wconf 83' lang='lat' dir='ltr'>inferis</span> <span class='ocrx_word' id='word_1_303' title='bbox 429 3971 583 4031; x_wconf 82' lang='lat' dir='ltr'>congruas</span> <span class='ocrx_word' id='word_1_304' title='bbox 604 3951 802 4030; x_wconf 88' lang='lat' dir='ltr'>intelligamus</span> <span class='ocrx_word' id='word_1_305' title='bbox 815 3987 853 3995; x_wconf 93' lang='lat'>—</span> <span class='ocrx_word' id='word_1_306' title='bbox 867 3952 961 4012; x_wconf 88' lang='lat' dir='ltr'>-de</span> <span class='ocrx_word' id='word_1_307' title='bbox 983 3952 1034 4014; x_wconf 92' lang='lat' dir='ltr'>illo</span> <span class='ocrx_word' id='word_1_308' title='bbox 1058 3955 1137 4014; x_wconf 92' lang='lat' dir='ltr'>enim</span> <span class='ocrx_word' id='word_1_309' title='bbox 1158 3953 1225 4014; x_wconf 90' lang='lat' dir='ltr'>loeo</span> <span class='ocrx_word' id='word_1_310' title='bbox 1247 3953 1332 4014; x_wconf 89' lang='lat' dir='ltr'>multi</span> 
     </span>
     <span class='ocr_line' id='line_1_36' title="bbox 190 4049 1333 4132; baseline 0.002 -18"><span class='ocrx_word' id='word_1_311' title='bbox 190 4063 347 4131; x_wconf 90' lang='lat' dir='ltr'>quaerunt:</span> <span class='ocrx_word' id='word_1_312' title='bbox 371 4059 561 4132; x_wconf 68' lang='lat' dir='ltr'>pristamus</span> <span class='ocrx_word' id='word_1_313' title='bbox 576 4057 705 4130; x_wconf 73' lang='lat' dir='ltr'>clanpor</span> <span class='ocrx_word' id='word_1_314' title='bbox 727 4049 770 4114; x_wconf 82' lang='lat' dir='ltr'>od</span> <span class='ocrx_word' id='word_1_315' title='bbox 789 4057 908 4114; x_wconf 83' lang='lat' dir='ltr'>ouras?</span> <span class='ocrx_word' id='word_1_316' title='bbox 931 4061 961 4114; x_wconf 92' lang='lat' dir='ltr'>et</span> <span class='ocrx_word' id='word_1_317' title='bbox 975 4055 1068 4116; x_wconf 91' lang='lat' dir='ltr'>Pollio</span> <span class='ocrx_word' id='word_1_318' title='bbox 1085 4055 1156 4116; x_wconf 88' lang='lat' dir='ltr'>dicit</span> <span class='ocrx_word' id='word_1_319' title='bbox 1170 4056 1287 4116; x_wconf 90' lang='lat' dir='ltr'>Aeneae</span> <span class='ocrx_word' id='word_1_320' title='bbox 1304 4063 1333 4116; x_wconf 90' lang='lat' dir='ltr'>et</span> 
     </span>
     <span class='ocr_line' id='line_1_37' title="bbox 190 4155 1331 4238; baseline 0.003 -22"><span class='ocrx_word' id='word_1_321' title='bbox 190 4155 319 4235; x_wconf 81' lang='lat' dir='ltr'>Sibyllae</span> <span class='ocrx_word' id='word_1_322' title='bbox 334 4177 407 4238; x_wconf 90' lang='lat' dir='ltr'>quas</span> <span class='ocrx_word' id='word_1_323' title='bbox 421 4157 464 4218; x_wconf 94' lang='lat' dir='ltr'>illi</span> <span class='ocrx_word' id='word_1_324' title='bbox 475 4175 576 4218; x_wconf 91' lang='lat' dir='ltr'>secum</span> <span class='ocrx_word' id='word_1_325' title='bbox 589 4163 748 4226; x_wconf 84' lang='lat' dir='ltr'>traxerant,</span> <span class='ocrx_word' id='word_1_326' title='bbox 765 4175 831 4217; x_wconf 91' lang='lat' dir='ltr'>oum</span> <span class='ocrx_word' id='word_1_327' title='bbox 845 4163 962 4221; x_wconf 90' lang='lat' dir='ltr'>constet</span> <span class='ocrx_word' id='word_1_328' title='bbox 974 4175 1039 4218; x_wconf 90' lang='lat' dir='ltr'>esse</span> <span class='ocrx_word' id='word_1_329' title='bbox 1052 4159 1139 4218; x_wconf 90' lang='lat' dir='ltr'>etiam</span> <span class='ocrx_word' id='word_1_330' title='bbox 1148 4157 1209 4218; x_wconf 91' lang='lat' dir='ltr'>illic</span> <span class='ocrx_word' id='word_1_331' title='bbox 1222 4163 1331 4220; x_wconf 67' lang='lat' dir='ltr'>auras?</span> 
     </span>
     <span class='ocr_line' id='line_1_38' title="bbox 190 4259 1332 4340; baseline 0.002 -20"><span class='ocrx_word' id='word_1_332' title='bbox 190 4259 333 4338; x_wconf 83' lang='lat' dir='ltr'>Equidem</span> <span class='ocrx_word' id='word_1_333' title='bbox 356 4261 504 4340; x_wconf 87' lang='lat' dir='ltr'>egregiam</span> <span class='ocrx_word' id='word_1_334' title='bbox 526 4259 651 4321; x_wconf 89' lang='lat' dir='ltr'>Palatini</span> <span class='ocrx_word' id='word_1_335' title='bbox 678 4261 763 4320; x_wconf 77' lang='lat' dir='ltr'>auris</span> <span class='ocrx_word' id='word_1_336' title='bbox 789 4261 967 4340; x_wconf 88' lang='lat' dir='ltr'>scripturam</span> <span class='ocrx_word' id='word_1_337' title='bbox 994 4260 1135 4340; x_wconf 90' lang='lat' dir='ltr'>praetuli,</span> <span class='ocrx_word' id='word_1_338' title='bbox 1164 4280 1221 4340; x_wconf 90' lang='lat' dir='ltr'>qua</span> <span class='ocrx_word' id='word_1_339' title='bbox 1248 4279 1332 4322; x_wconf 88' lang='lat' dir='ltr'>eave-</span> 
     </span>
     <span class='ocr_line' id='line_1_39' title="bbox 191 4361 1332 4442; baseline 0.002 -22"><span class='ocrx_word' id='word_1_340' title='bbox 191 4369 240 4422; x_wconf 92' lang='lat' dir='ltr'>tur</span> <span class='ocrx_word' id='word_1_341' title='bbox 262 4379 300 4422; x_wconf 87' lang='lat' dir='ltr'>no</span> <span class='ocrx_word' id='word_1_342' title='bbox 321 4361 366 4422; x_wconf 93' lang='lat' dir='ltr'>bis</span> <span class='ocrx_word' id='word_1_343' title='bbox 386 4364 464 4423; x_wconf 86' lang='lat' dir='ltr'>intra</span> <span class='ocrx_word' id='word_1_344' title='bbox 484 4380 594 4442; x_wconf 90' lang='lat' dir='ltr'>paucos</span> <span class='ocrx_word' id='word_1_345' title='bbox 616 4361 777 4423; x_wconf 89' lang='lat' dir='ltr'>versiculos</span> <span class='ocrx_word' id='word_1_346' title='bbox 798 4381 887 4424; x_wconf 89' lang='lat' dir='ltr'>ausus</span> <span class='ocrx_word' id='word_1_347' title='bbox 909 4365 947 4424; x_wconf 92' lang='lat' dir='ltr'>sit</span> <span class='ocrx_word' id='word_1_348' title='bbox 973 4370 1060 4440; x_wconf 91' lang='lat' dir='ltr'>poeta</span> <span class='ocrx_word' id='word_1_349' title='bbox 1085 4363 1164 4442; x_wconf 93' lang='lat' dir='ltr'>quod</span> <span class='ocrx_word' id='word_1_350' title='bbox 1189 4381 1332 4442; x_wconf 91' lang='lat' dir='ltr'>nusquam</span> 
     </span>
     <span class='ocr_line' id='line_1_40' title="bbox 191 4459 1334 4544; baseline -0.001 -19"><span class='ocrx_word' id='word_1_351' title='bbox 191 4471 349 4544; x_wconf 88' lang='lat' dir='ltr'>praeterea</span> <span class='ocrx_word' id='word_1_352' title='bbox 371 4464 496 4535; x_wconf 85' lang='lat' dir='ltr'>admisit,</span> <span class='ocrx_word' id='word_1_353' title='bbox 521 4483 587 4525; x_wconf 91' lang='lat' dir='ltr'>cum</span> <span class='ocrx_word' id='word_1_354' title='bbox 611 4463 683 4524; x_wconf 91' lang='lat' dir='ltr'>solis</span> <span class='ocrx_word' id='word_1_355' title='bbox 706 4465 826 4526; x_wconf 90' lang='lat' dir='ltr'>sedibus</span> <span class='ocrx_word' id='word_1_356' title='bbox 847 4465 1004 4527; x_wconf 92' lang='lat' dir='ltr'>beatorum</span> <span class='ocrx_word' id='word_1_357' title='bbox 1027 4465 1149 4525; x_wconf 90' lang='lat' dir='ltr'>aethera</span> <span class='ocrx_word' id='word_1_358' title='bbox 1170 4484 1196 4525; x_wconf 90' lang='lat' dir='ltr'>v.</span> <span class='ocrx_word' id='word_1_359' title='bbox 1219 4459 1283 4525; x_wconf 87' lang='grc'>640</span> <span class='ocrx_word' id='word_1_360' title='bbox 1305 4472 1334 4524; x_wconf 92' lang='lat' dir='ltr'>et</span> 
     </span>
    </p>
   </div>
   <div class='ocr_carea' id='block_1_5' title="bbox 1085 4563 1129 4627">
    <p class='ocr_par' dir='ltr' id='par_1_7' title="bbox 1085 4563 1129 4627">
     <span class='ocr_line' id='line_1_41' title="bbox 1085 4563 1129 4627; baseline 0 -22"><span class='ocrx_word' id='word_1_361' title='bbox 1085 4563 1129 4627; x_wconf 66' lang='grc'>8*</span> 
     </span>
    </p>
   </div>
   <div class='ocr_carea' id='block_1_6' title="bbox 0 0 1666 5050">
    <p class='ocr_par' dir='ltr' id='par_1_8' title="bbox 0 0 1666 5050">
     <span class='ocr_line' id='line_1_42' title="bbox 0 0 1666 5050; baseline 0 0"><span class='ocrx_word' id='word_1_362' title='bbox 0 0 1666 5050; x_wconf 95' lang='lat' dir='ltr'> </span> 
     </span>
    </p>
   </div>
  </div>
 </body>
</html>
