3172 5038
322 359 384 424 366
769 378 1013 423 rnonunomnrm.

323 547 436 608 tellexit
450 545 659 608 Walteiieldus.
691 545 764 606 Nam
780 545 985 608 molestissima
1008 545 1081 606 haec
1103 545 1214 606 ‘cauda
1237 547 1270 604 in
1293 545 1471 624 speluncam

322 656 435 710 tractos
458 651 609 726 versisque
633 649 745 710 viarum
768 647 885 708 indiciis
914 655 1021 724 raptos
1048 665 1119 707 saxo
1148 645 1318 707 occultabat
1342 653 1469 726 opaco’;

323 751 407 827 quasi
443 757 545 828 raptos
578 767 643 808 esse
677 749 806 810 noudum
846 751 917 810 satis
950 748 1158 810 inculcavisset
1190 755 1278 826 poeta
1313 756 1345 808 et
1379 748 1469 808 verbo

322 853 460 918 ‘avertit’
485 869 509 910 v.
534 847 597 911 208
621 858 651 910 et
674 859 793 910 narrato
816 851 937 928 vestigia
960 850 1094 910 vertendi
1110 850 1243 910 artilicio.
1321 852 1470 910 attrociter

321 961 355 1014 ut
377 952 452 1014 solet
474 954 665 1012 metricorum
688 951 918 1028 gloriosissimus
945 952 1056 1010 invexit
1083 953 1114 1010 in
1141 969 1338 1010 numerorum
1363 949 1470 1029 quibus

321 1058 394 1115 Aen.
417 1050 519 1113 11161
543 1063 636 1114 artem
659 1056 843 1130 corruperim
866 1051 1065 1112 insolentiam.
1110 1053 1192 1123 Quae
1214 1053 1240 1112 si
1262 1071 1310 1112 me
1333 1052 1467 1128 fugisset,

322 1173 382 1216 non
410 1155 627 1216 adnotavissem
655 1156 685 1214 in
715 1153 830 1214 emend.
860 1141 947 1230 Verg.
976 1173 1007 1232 p.
1040 1150 1079 1214 16
1107 1153 1229 1213 consilio
1257 1153 1401 1230 spondeis
1430 1154 1471 1212 uti

322 1265 439 1335 poetam
462 1256 515 1316 ‘ad
540 1254 742 1334 depingendus
765 1255 957 1334 oppugnandi
980 1273 1093 1323 moras,
1125 1271 1184 1330 quo
1207 1253 1336 1314 velocius
1366 1263 1467 1332 postea

252 1391 254 1396 ν
321 1357 428 1437 dactyli
451 1357 487 1417 ad
509 1375 597 1416 aures
621 1356 813 1416 acciderent!
844 1357 982 1418 Poteram
1005 1355 1114 1416 addere
1136 1357 1330 1433 pervicaciam
1355 1364 1387 1414 et
1409 1364 1467 1414 tor·

321 1477 385 1518 vam
409 1459 516 1518 mentis
532 1457 771 1524 obstinationem,
796 1475 853 1533 qua
868 1457 1058 1536 inrumpendi
1072 1456 1170 1518 locum
1185 1455 1330 1532 dispiciat,
1348 1443 1468 1516 Turnus

322 1559 367 1618 his
390 1559 462 1637 ipsis
484 1557 694 1638 monosyllabis
718 1561 851 1635 quamvis
873 1558 1000 1618 insolitis
1023 1558 1099 1618 bene
1123 1559 1262 1636 exprimi:

475 1681 529 1736 qua
553 1671 666 1736 temptet
688 1665 794 1720 ratione
817 1663 905 1718 aditus
929 1672 956 1718 et
978 1680 1036 1734 qua
1058 1667 1086 1719 ai
1107 1663 1215 1728 clausos

475 1749 593 1804 excutiat
616 1749 737 1804 Teucros
760 1748 829 1804 vallo
853 1756 935 1822 atque
958 1744 1080 1804 ellundat
1102 1751 1130 1804 in
1153 1765 1265 1822 aequor.

322 1863 396 1924 Nam
418 1833 498 1939 quod
522 1873 551 1923 et
573 1863 693 1924 Servius
721 1865 752 1922 iu
781 1865 844 1924 suis
867 1870 896 1922 ct
918 1881 973 1922 nos
995 1865 1026 1922 in
1049 1863 1271 1941 exemplaribus
1293 1864 1467 1940 FMPytcn

324 1965 450 2042 legimus
471 1968 521 2024 nin
545 1971 607 2024 tum
630 1964 751 2024 demum
775 1964 936 2028 concedam
959 1981 1062 2024 verum
1086 1981 1166 2033 esse,
1196 1966 1221 2023 si
1244 1966 1310 2042 quis
1333 1964 1467 2024 docuerit

258 2106 262 2112 .
286 2096 288 2099 ·
321 2069 408 2134 riam,
433 2084 492 2126 non
517 2067 573 2125 vim
596 2074 679 2126 recte
694 2066 752 2126 dici
768 2063 908 2126 excutere
925 2074 954 2126 et
970 2065 1122 2126 effundere
1138 2065 1271 2126 Teucros
1293 2067 1324 2125 in
1340 2065 1465 2144 aequor:

324 2151 412 2226 ct'tt
433 2163 497 2227 494
533 2167 560 2227 X
581 2163 645 2228 864
667 2175 696 2226 et
720 2169 846 2226 maxime
868 2163 994 2226 111399.
1082 2173 1154 2228 Aen.
1178 2163 1295 2226 111146
1318 2167 1398 2245 quod
1422 2186 1467 2226 rc·

323 2270 406 2346 posui
439 2272 495 2329 sic
528 2286 582 2346 pro
617 2287 652 2328 en
686 2267 765 2346 quod
798 2271 829 2328 in
852 2268 1050 2345 FMPRytcp
1080 2268 1219 2328 traditum
1242 2276 1287 2327 est
1307 2270 1363 2328 sed
1386 2268 1467 2328 video

323 2388 403 2430 nunc
431 2369 576 2430 Ladevieo
604 2387 723 2447 quoque
750 2369 878 2446 placere.
975 2369 1148 2429 Necessaria
1181 2370 1283 2430 nescio
1316 2370 1403 2428 cuius
1435 2389 1468 2428 ex

324 2470 487 2530 editoribus
509 2477 578 2530 ante
594 2471 722 2530 Pierium
740 2470 908 2530 emendatio
931 2481 986 2538 est,
1010 2489 1067 2548 qua
1088 2467 1240 2530 1111226
1263 2477 1292 2529 et
1312 2471 1466 2537 inseritur,

323 2573 430 2632 omissa
452 2574 483 2632 in
505 2571 590 2630 libris
612 2580 758 2649 quotquot
780 2572 915 2631 novimus
937 2570 1076 2630 omnibus
1098 2573 1306 2648 FMPuytcp.
1398 2573 1468 2631 Ver·

324 2692 388 2732 sum
413 2669 476 2732 403
499 2674 556 2732 inm
579 2675 674 2750 Asper
697 2680 871 2751 corruptum
895 2672 983 2749 legit,
1012 2691 1099 2752 quem
1128 2681 1250 2732 secutus
1273 2681 1318 2732 est
1341 2673 1468 2733 Priscia-

324 2793 388 2842 nus,
419 2781 448 2833 et
471 2779 645 2851 temptatum
668 2793 733 2834 esse
761 2793 776 2834 a
801 2775 913 2836 criticis
937 2773 1086 2834 veteribus
1109 2774 1207 2852 prodit
1229 2774 1310 2834 varia
1333 2775 1470 2834 codicum

323 2876 498 2952 MPpbemdr
521 2881 551 2934 et
572 2875 635 2936 BV
667 2878 829 2954 scriptura:
873 2877 1004 2935 correxit
1034 2871 1100 2935 mea
1134 2876 1279 2936 sententia
1310 2860 1468 2952 Rergkins.

368 2975 433 3036 Nou
458 2984 616 3038 excusatur
638 2979 668 3036 in
691 2976 738 3038 his
760 2974 823 3038 512
845 2995 907 3056 sqq.
927 3044 930 3050 ¹

465 3115 526 3154 saxa
550 3115 660 3171 quoque
684 3099 784 3154 inlesto
806 3099 950 3154 volvebant
972 3099 1106 3172 pondere,
1131 3100 1208 3172 siqua

463 3192 577 3256 possent
600 3192 697 3240 tectam
720 3185 805 3238 aciem
828 3200 1018 3256 perrumpere:
1042 3199 1106 3238 cam
1130 3192 1218 3238 tanen
1242 3185 1331 3238 omnis

464 3268 537 3324 ferre
559 3271 636 3324 iuvat
658 3277 753 3342 supter
775 3269 859 3324 densa
881 3268 1017 3324 testudine
1041 3284 1127 3324 casus.

465 3369 516 3407 nec
538 3355 590 3407 iam
613 3352 754 3408 sufficiunt
776 3367 799 3408 a.
825 3369 852 3423 q.
874 3367 896 3406 s.

324 3483 498 3543 indicativus
533 3487 617 3544 invni
649 3483 799 3543 alacritate
832 3501 920 3561 quam
948 3483 1121 3560 Wagnerus
1139 3484 1285 3562 praetexit
1313 3485 1467 3542 orationis.

325 3583 517 3644 Notissimum
542 3579 686 3660 estquod
717 3583 822 3643 eodem
849 3585 913 3644 iere
942 3586 1086 3663 temporis
1113 3593 1273 3653 momento,
1297 3603 1357 3662 quo
1391 3584 1468 3644 aliud

324 3683 463 3761 quiddam
476 3687 583 3761 agitur,
605 3686 733 3746 maxime
744 3692 843 3744 autem
855 3685 933 3762 quod
946 3686 1038 3746 semel
1050 3685 1149 3746 subito
1161 3686 1203 3755 lit,
1227 3703 1309 3745 mera
1324 3688 1469 3764 temporis

258 3818 261 3823 ·
324 3785 539 3861 significatione
561 3786 718 3847 indicativo
741 3793 809 3864 post
835 3789 1076 3847 coniunctionem
1092 3805 1158 3848 cum
1181 3789 1308 3865 exprimi
1324 3786 1469 3865 (exempla

327 3903 455 3963 quaeras
478 3887 555 3965 apud
578 3889 677 3965 ipsum
700 3887 880 3964 Wagnerum
903 3888 939 3947 ad
961 3885 1105 3965 111301).
1150 3888 1207 3948 Sed
1231 3890 1316 3949 ‘num
1338 3891 1467 3954 tamen',

329 3987 437 4063 quibus
452 3987 500 4048 bic
519 3991 680 4066 opponitur
693 3991 867 4058 constantia,
889 4005 946 4065 qua
965 3991 1108 4067 repetitos
1126 4007 1265 4050 saxorum
1278 3991 1469 4049 iactussusti-

242 4081 243 4086 ’
325 4089 445 4148 nueriut
467 4089 578 4158 hostes,
613 4089 745 4168 llagitaut
767 4109 833 4151 meo
870 4109 960 4151 sensu
987 4092 1217 4160 coniunctivum,
1253 4107 1341 4166 quem
1370 4097 1468 4150 tamen

326 4207 395 4250 care
419 4188 519 4250 elicias
543 4209 577 4250 ex
592 4190 718 4251 Palatini
741 4191 801 4252 m.1
821 4191 932 4253 lVBET
948 4193 1106 4271 scriptura,
1132 4210 1218 4270 qnam
1236 4208 1294 4252 nnn
1319 4209 1354 4250 ex
1378 4195 1468 4264 iunci,

326 4291 378 4350 scd
402 4309 436 4350 ex
460 4289 637 4367 glossemate
659 4295 739 4353 lubet
760 4301 856 4354 ortam
880 4312 946 4354 esse
969 4293 1077 4354 docent
1102 4295 1224 4354 Meam.
1273 4291 1336 4352 lloc
1359 4301 1467 4362 autem,

326 4411 430 4454 omnes
453 4394 526 4453 lerri
548 4412 648 4463 casus,
684 4403 770 4473 poeta
795 4397 819 4454 si
842 4395 1069 4466 adlirmavisset,
1103 4413 1208 4473 parum
1230 4395 1347 4454 sortiter
1371 4396 1470 4456 statim
