<?xml version="1.0" encoding="UTF-8"?>
<!DOCTYPE html PUBLIC "-//W3C//DTD XHTML 1.0 Transitional//EN"
    "http://www.w3.org/TR/xhtml1/DTD/xhtml1-transitional.dtd">
<html xmlns="http://www.w3.org/1999/xhtml" xml:lang="en" lang="en">
 <head>
  <title>
</title>
<meta http-equiv="Content-Type" content="text/html;charset=utf-8" />
  <meta name='ocr-system' content='tesseract 3.04.00' />
  <meta name='ocr-capabilities' content='ocr_page ocr_carea ocr_par ocr_line ocrx_word'/>
</head>
<body>
  <div class='ocr_page' id='page_1' title='image "./pvergilimaronis02ribbgoog_0057.png"; bbox 0 0 3212 5042; ppageno 0'>
   <div class='ocr_carea' id='block_1_1' title="bbox 327 413 1020 486">
    <p class='ocr_par' dir='ltr' id='par_1_1' title="bbox 327 413 1020 486">
     <span class='ocr_line' id='line_1_1' title="bbox 327 413 1020 486; baseline 0 -8"><span class='ocrx_word' id='word_1_1' title='bbox 327 413 366 478; x_wconf 81' lang='lat'><strong>16</strong></span> <span class='ocrx_word' id='word_1_2' title='bbox 776 434 1020 486; x_wconf 78' lang='lat' dir='ltr'><strong>rnonneounna.</strong></span> 
     </span>
    </p>
   </div>
   <div class='ocr_carea' id='block_1_2' title="bbox 321 601 1479 768">
    <p class='ocr_par' dir='ltr' id='par_1_2' title="bbox 321 587 1479 768">
     <span class='ocr_line' id='line_1_2' title="bbox 322 601 1479 685; baseline 0 -19"><span class='ocrx_word' id='word_1_3' title='bbox 322 602 545 685; x_wconf 79' lang='lat' dir='ltr'><strong>pugnandoque</strong></span> <span class='ocrx_word' id='word_1_4' title='bbox 567 605 678 666; x_wconf 87' lang='lat' dir='ltr'><strong>mereri</strong></span> <span class='ocrx_word' id='word_1_5' title='bbox 710 601 791 665; x_wconf 91' lang='lat' dir='ltr'><strong>nullo</strong></span> <span class='ocrx_word' id='word_1_6' title='bbox 819 605 883 669; x_wconf 88' lang='lat' dir='ltr'><strong>lero</strong></span> <span class='ocrx_word' id='word_1_7' title='bbox 910 623 970 666; x_wconf 93' lang='lat' dir='ltr'><strong>non</strong></span> <span class='ocrx_word' id='word_1_8' title='bbox 1005 611 1140 685; x_wconf 85' lang='lat' dir='ltr'><strong>tempore</strong></span> <span class='ocrx_word' id='word_1_9' title='bbox 1175 605 1242 685; x_wconf 85' lang='lat' dir='ltr'><strong>apte</strong></span> <span class='ocrx_word' id='word_1_10' title='bbox 1275 603 1325 668; x_wconf 91' lang='lat' dir='ltr'><strong>ille</strong></span> <span class='ocrx_word' id='word_1_11' title='bbox 1359 605 1479 685; x_wconf 89' lang='lat' dir='ltr'><strong>praedi·</strong></span> 
     </span>
     <span class='ocr_line' id='line_1_3' title="bbox 321 701 1230 768; baseline 0 0"><span class='ocrx_word' id='word_1_12' title='bbox 321 706 455 768; x_wconf 90' lang='lat' dir='ltr'><strong>cabatur.</strong></span> <span class='ocrx_word' id='word_1_13' title='bbox 1226 701 1230 708; x_wconf 68' lang='grc'><strong>“</strong></span> 
     </span>
    </p>
   </div>
   <div class='ocr_carea' id='block_1_3' title="bbox 322 823 1477 1010">
    <p class='ocr_par' dir='ltr' id='par_1_3' title="bbox 322 823 1477 1010">
     <span class='ocr_line' id='line_1_4' title="bbox 406 823 1477 906; baseline 0.001 -18"><span class='ocrx_word' id='word_1_14' title='bbox 406 827 466 888; x_wconf 83' lang='lat' dir='ltr'><strong>Sed</strong></span> <span class='ocrx_word' id='word_1_15' title='bbox 489 831 591 889; x_wconf 84' lang='lat' dir='ltr'><strong>tamon</strong></span> <span class='ocrx_word' id='word_1_16' title='bbox 606 826 643 888; x_wconf 89' lang='lat' dir='ltr'><strong>ad</strong></span> <span class='ocrx_word' id='word_1_17' title='bbox 659 844 769 888; x_wconf 91' lang='lat' dir='ltr'><strong>annum</strong></span> <span class='ocrx_word' id='word_1_18' title='bbox 781 823 843 888; x_wconf 99' lang='grc'><strong>719</strong></span> <span class='ocrx_word' id='word_1_19' title='bbox 859 826 977 888; x_wconf 86' lang='lat' dir='ltr'><strong>diiiicilo</strong></span> <span class='ocrx_word' id='word_1_20' title='bbox 994 836 1039 890; x_wconf 89' lang='lat' dir='ltr'><strong>est</strong></span> <span class='ocrx_word' id='word_1_21' title='bbox 1059 845 1126 888; x_wconf 93' lang='lat' dir='ltr'><strong>oum</strong></span> <span class='ocrx_word' id='word_1_22' title='bbox 1141 826 1245 889; x_wconf 85' lang='lat' dir='ltr'><strong>Iahnio</strong></span> <span class='ocrx_word' id='word_1_23' title='bbox 1259 827 1376 888; x_wconf 82' lang='lat' dir='ltr'><strong>referre</strong></span> <span class='ocrx_word' id='word_1_24' title='bbox 1400 845 1477 906; x_wconf 86' lang='lat' dir='ltr'><strong>quae</strong></span> 
     </span>
     <span class='ocr_line' id='line_1_5' title="bbox 322 926 682 1010; baseline 0 -20"><span class='ocrx_word' id='word_1_25' title='bbox 322 949 348 990; x_wconf 90' lang='lat' dir='ltr'><strong>v.</strong></span> <span class='ocrx_word' id='word_1_26' title='bbox 372 926 436 991; x_wconf 78' lang='lat'><strong>509</strong></span> <span class='ocrx_word' id='word_1_27' title='bbox 459 948 502 1010; x_wconf 88' lang='lat' dir='ltr'><strong>sq.</strong></span> <span class='ocrx_word' id='word_1_28' title='bbox 527 928 682 1008; x_wconf 85' lang='lat' dir='ltr'><strong>leguntur:</strong></span> 
     </span>
    </p>
   </div>
   <div class='ocr_carea' id='block_1_4' title="bbox 461 1083 1236 1332">
    <p class='ocr_par' dir='ltr' id='par_1_4' title="bbox 461 1083 1236 1332">
     <span class='ocr_line' id='line_1_6' title="bbox 471 1083 1236 1162; baseline 0.003 -18"><span class='ocrx_word' id='word_1_29' title='bbox 471 1083 534 1144; x_wconf 91' lang='lat' dir='ltr'><strong>hinc</strong></span> <span class='ocrx_word' id='word_1_30' title='bbox 556 1095 648 1144; x_wconf 88' lang='lat' dir='ltr'><strong>movet</strong></span> <span class='ocrx_word' id='word_1_31' title='bbox 669 1086 835 1162; x_wconf 86' lang='lat' dir='ltr'><strong>Euphrates,</strong></span> <span class='ocrx_word' id='word_1_32' title='bbox 859 1087 935 1146; x_wconf 88' lang='lat' dir='ltr'><strong>illinc</strong></span> <span class='ocrx_word' id='word_1_33' title='bbox 957 1089 1098 1145; x_wconf 80' lang='lat' dir='ltr'><strong>Germania</strong></span> <span class='ocrx_word' id='word_1_34' title='bbox 1120 1087 1236 1154; x_wconf 74' lang='lat' dir='ltr'><strong>bellum:</strong></span> 
     </span>
     <span class='ocr_line' id='line_1_7' title="bbox 472 1172 1066 1258; baseline 0.003 -30"><span class='ocrx_word' id='word_1_35' title='bbox 472 1173 575 1258; x_wconf 77' lang='lat' dir='ltr'><strong>vicinae</strong></span> <span class='ocrx_word' id='word_1_36' title='bbox 597 1173 686 1247; x_wconf 90' lang='lat' dir='ltr'><strong>ruptis</strong></span> <span class='ocrx_word' id='word_1_37' title='bbox 709 1175 781 1229; x_wconf 92' lang='lat' dir='ltr'><strong>inter</strong></span> <span class='ocrx_word' id='word_1_38' title='bbox 803 1188 832 1228; x_wconf 86' lang='lat' dir='ltr'><strong>se</strong></span> <span class='ocrx_word' id='word_1_39' title='bbox 853 1173 961 1247; x_wconf 82' lang='lat' dir='ltr'><strong>legibus</strong></span> <span class='ocrx_word' id='word_1_40' title='bbox 984 1172 1066 1231; x_wconf 89' lang='lat' dir='ltr'><strong>urbes</strong></span> 
     </span>
     <span class='ocr_line' id='line_1_8' title="bbox 461 1258 806 1332; baseline 0 -18"><span class='ocrx_word' id='word_1_41' title='bbox 461 1275 546 1325; x_wconf 23' lang='lat' dir='ltr'><strong>farma</strong></span> <span class='ocrx_word' id='word_1_42' title='bbox 568 1258 662 1315; x_wconf 89' lang='lat' dir='ltr'><strong>lerunt</strong></span> <span class='ocrx_word' id='word_1_43' title='bbox 683 1274 707 1314; x_wconf 86' lang='lat' dir='ltr'><strong>e.</strong></span> <span class='ocrx_word' id='word_1_44' title='bbox 732 1277 759 1332; x_wconf 81' lang='lat' dir='ltr'><strong>q.</strong></span> <span class='ocrx_word' id='word_1_45' title='bbox 782 1275 806 1314; x_wconf 89' lang='lat' dir='ltr'><strong>s.</strong></span> 
     </span>
    </p>
   </div>
   <div class='ocr_carea' id='block_1_5' title="bbox 262 1423 1475 2326">
    <p class='ocr_par' dir='ltr' id='par_1_5' title="bbox 262 1423 1475 2326">
     <span class='ocr_line' id='line_1_9' title="bbox 279 1423 1474 1507; baseline 0.003 -21"><span class='ocrx_word' id='word_1_46' title='bbox 279 1453 283 1462; x_wconf 92' lang='lat'><em>·</em></span> <span class='ocrx_word' id='word_1_47' title='bbox 319 1425 394 1507; x_wconf 89' lang='lat' dir='ltr'><strong>Nam</strong></span> <span class='ocrx_word' id='word_1_48' title='bbox 416 1425 518 1487; x_wconf 87' lang='lat' dir='ltr'><strong>Parthi</strong></span> <span class='ocrx_word' id='word_1_49' title='bbox 546 1433 580 1486; x_wconf 92' lang='lat' dir='ltr'><strong>ut</strong></span> <span class='ocrx_word' id='word_1_50' title='bbox 602 1423 659 1485; x_wconf 89' lang='lat' dir='ltr'><strong>hoo</strong></span> <span class='ocrx_word' id='word_1_51' title='bbox 680 1425 867 1505; x_wconf 88' lang='lat' dir='ltr'><strong>potissimum</strong></span> <span class='ocrx_word' id='word_1_52' title='bbox 890 1443 967 1488; x_wconf 94' lang='lat' dir='ltr'><strong>anno</strong></span> <span class='ocrx_word' id='word_1_53' title='bbox 995 1424 1106 1488; x_wconf 89' lang='lat' dir='ltr'><strong>bellum</strong></span> <span class='ocrx_word' id='word_1_54' title='bbox 1137 1424 1216 1488; x_wconf 90' lang='lat' dir='ltr'><strong>ultro</strong></span> <span class='ocrx_word' id='word_1_55' title='bbox 1238 1429 1386 1490; x_wconf 89' lang='lat' dir='ltr'><strong>moverint</strong></span> <span class='ocrx_word' id='word_1_56' title='bbox 1409 1437 1474 1490; x_wconf 89' lang='lat' dir='ltr'><strong>tan·</strong></span> 
     </span>
     <span class='ocr_line' id='line_1_10' title="bbox 319 1526 1475 1606; baseline 0.003 -18"><span class='ocrx_word' id='word_1_57' title='bbox 319 1536 382 1589; x_wconf 90' lang='lat' dir='ltr'><strong>tum</strong></span> <span class='ocrx_word' id='word_1_58' title='bbox 415 1526 514 1597; x_wconf 85' lang='lat' dir='ltr'><strong>abest,</strong></span> <span class='ocrx_word' id='word_1_59' title='bbox 548 1533 581 1586; x_wconf 92' lang='lat' dir='ltr'><strong>ut</strong></span> <span class='ocrx_word' id='word_1_60' title='bbox 609 1527 667 1606; x_wconf 90' lang='lat' dir='ltr'><strong>ipsi</strong></span> <span class='ocrx_word' id='word_1_61' title='bbox 699 1526 826 1588; x_wconf 88' lang='lat' dir='ltr'><strong>Romani</strong></span> <span class='ocrx_word' id='word_1_62' title='bbox 859 1529 986 1589; x_wconf 84' lang='lat' dir='ltr'><strong>Antonio</strong></span> <span class='ocrx_word' id='word_1_63' title='bbox 1021 1527 1097 1590; x_wconf 87' lang='lat' dir='ltr'><strong>duce</strong></span> <span class='ocrx_word' id='word_1_64' title='bbox 1134 1548 1214 1590; x_wconf 89' lang='lat' dir='ltr'><strong>arma</strong></span> <span class='ocrx_word' id='word_1_65' title='bbox 1243 1527 1304 1592; x_wconf 91' lang='lat' dir='ltr'><strong>illis</strong></span> <span class='ocrx_word' id='word_1_66' title='bbox 1336 1531 1475 1594; x_wconf 90' lang='lat' dir='ltr'><strong>intulisse</strong></span> 
     </span>
     <span class='ocr_line' id='line_1_11' title="bbox 323 1626 1475 1712; baseline 0.003 -21"><span class='ocrx_word' id='word_1_67' title='bbox 323 1629 482 1691; x_wconf 86' lang='lat' dir='ltr'><strong>tradantur</strong></span> <span class='ocrx_word' id='word_1_68' title='bbox 506 1648 522 1710; x_wconf 82' lang='lat' dir='ltr'><strong>a</strong></span> <span class='ocrx_word' id='word_1_69' title='bbox 545 1629 640 1690; x_wconf 90' lang='lat' dir='ltr'><strong>Dione</strong></span> <span class='ocrx_word' id='word_1_70' title='bbox 662 1628 848 1691; x_wconf 87' lang='lat' dir='ltr'><strong>XXXXVllll</strong></span> <span class='ocrx_word' id='word_1_71' title='bbox 870 1626 928 1702; x_wconf 87' lang='grc'><strong>24,</strong></span> <span class='ocrx_word' id='word_1_72' title='bbox 950 1630 1037 1710; x_wconf 74' lang='grc'><strong>11111111</strong></span> <span class='ocrx_word' id='word_1_73' title='bbox 1065 1648 1154 1708; x_wconf 85' lang='lat' dir='ltr'><strong>quern</strong></span> <span class='ocrx_word' id='word_1_74' title='bbox 1177 1649 1303 1712; x_wconf 88' lang='lat' dir='ltr'><strong>prorsus</strong></span> <span class='ocrx_word' id='word_1_75' title='bbox 1325 1636 1475 1696; x_wconf 90' lang='lat' dir='ltr'><strong>contraria</strong></span> 
     </span>
     <span class='ocr_line' id='line_1_12' title="bbox 262 1723 1475 1818; baseline 0.002 -26"><span class='ocrx_word' id='word_1_76' title='bbox 262 1747 265 1752; x_wconf 90' lang='grc'><em>·</em></span> <span class='ocrx_word' id='word_1_77' title='bbox 322 1731 367 1793; x_wconf 83' lang='grc'><strong>1111</strong></span> <span class='ocrx_word' id='word_1_78' title='bbox 388 1730 579 1794; x_wconf 88' lang='lat' dir='ltr'><strong>hemistichio</strong></span> <span class='ocrx_word' id='word_1_79' title='bbox 607 1729 680 1792; x_wconf 87' lang='lat' dir='ltr'><strong>hacc</strong></span> <span class='ocrx_word' id='word_1_80' title='bbox 709 1731 746 1792; x_wconf 86' lang='lat' dir='ltr'><strong>do</strong></span> <span class='ocrx_word' id='word_1_81' title='bbox 767 1732 895 1793; x_wconf 79' lang='lat' dir='ltr'><strong>Antonio</strong></span> <span class='ocrx_word' id='word_1_82' title='bbox 911 1731 1080 1810; x_wconf 82' lang='lat' dir='ltr'><strong>leguntur:</strong></span> <span class='ocrx_word' id='word_1_83' title='bbox 1119 1725 1175 1794; x_wconf 81' lang='lat' dir='ltr'><strong>uod</strong></span> <span class='ocrx_word' id='word_1_84' title='bbox 1203 1726 1291 1818; x_wconf 76' lang='grc' dir='ltr'><strong>λόγῳ</strong></span> <span class='ocrx_word' id='word_1_85' title='bbox 1320 1725 1383 1814; x_wconf 74' lang='grc' dir='ltr'><strong>μὲν</strong></span> <span class='ocrx_word' id='word_1_86' title='bbox 1411 1723 1475 1816; x_wconf 76' lang='grc' dir='ltr'><strong>τὴν</strong></span> 
     </span>
     <span class='ocr_line' id='line_1_13' title="bbox 322 1821 1474 1916; baseline 0.003 -22"><span class='ocrx_word' id='word_1_87' title='bbox 322 1825 460 1914; x_wconf 77' lang='grc' dir='ltr'><em>εἰρήνην</em></span> <span class='ocrx_word' id='word_1_88' title='bbox 482 1831 645 1913; x_wconf 76' lang='grc' dir='ltr'><em>ἔπραττεν</em></span> <span class='ocrx_word' id='word_1_89' title='bbox 732 1879 740 1894; x_wconf 94' lang='grc'><strong>.</strong></span> <span class='ocrx_word' id='word_1_90' title='bbox 764 1831 851 1916; x_wconf 77' lang='grc' dir='ltr'><em>ἔργῳ</em></span> <span class='ocrx_word' id='word_1_91' title='bbox 874 1824 911 1893; x_wconf 75' lang='lat' dir='ltr'><strong>dd</strong></span> <span class='ocrx_word' id='word_1_92' title='bbox 933 1821 975 1894; x_wconf 80' lang='lat' dir='ltr'><strong>cd</strong></span> <span class='ocrx_word' id='word_1_93' title='bbox 996 1829 1058 1894; x_wconf 79' lang='grc' dir='ltr'><strong>τοῦ</strong></span> <span class='ocrx_word' id='word_1_94' title='bbox 1080 1829 1230 1915; x_wconf 78' lang='grc' dir='ltr'><strong><em>πολέμου</em></strong></span> <span class='ocrx_word' id='word_1_95' title='bbox 1252 1827 1363 1896; x_wconf 77' lang='grc' dir='ltr'><em>πάντα</em></span> <span class='ocrx_word' id='word_1_96' title='bbox 1377 1823 1474 1916; x_wconf 79' lang='grc' dir='ltr'><strong><em>ἡτοι-</em></strong></span> 
     </span>
     <span class='ocr_line' id='line_1_14' title="bbox 321 1915 1474 2019; baseline 0.003 -24"><span class='ocrx_word' id='word_1_97' title='bbox 321 1926 450 2016; x_wconf 79' lang='grc' dir='ltr'><em>μάζετο.</em></span> <span class='ocrx_word' id='word_1_98' title='bbox 480 1927 547 1996; x_wconf 82' lang='grc' dir='ltr'><strong>καὶ</strong></span> <span class='ocrx_word' id='word_1_99' title='bbox 567 1915 670 2014; x_wconf 67' lang='grc' dir='ltr'><strong>ἦλθε</strong></span> <span class='ocrx_word' id='word_1_100' title='bbox 692 1931 809 2015; x_wconf 82' lang='grc' dir='ltr'><em>μέχρι</em></span> <span class='ocrx_word' id='word_1_101' title='bbox 831 1930 906 1996; x_wconf 79' lang='grc' dir='ltr'><strong>τοῦ</strong></span> <span class='ocrx_word' id='word_1_102' title='bbox 927 1923 1156 2017; x_wconf 77' lang='grc' dir='ltr'><em>Εὐφράτου</em></span> <span class='ocrx_word' id='word_1_103' title='bbox 1178 1935 1323 2017; x_wconf 80' lang='grc' dir='ltr'><strong><em>νομίζων</em></strong></span> <span class='ocrx_word' id='word_1_104' title='bbox 1345 1935 1474 2019; x_wconf 81' lang='grc' dir='ltr'><em>ἔρημον</em></span> 
     </span>
     <span class='ocr_line' id='line_1_15' title="bbox 323 2023 1473 2120; baseline 0.003 -22"><span class='ocrx_word' id='word_1_105' title='bbox 323 2024 432 2098; x_wconf 70' lang='grc' dir='ltr'><em>αὐτὰν</em></span> <span class='ocrx_word' id='word_1_106' title='bbox 454 2031 610 2118; x_wconf 81' lang='grc' dir='ltr'><em>φρουρᾶς</em></span> <span class='ocrx_word' id='word_1_107' title='bbox 632 2028 718 2096; x_wconf 79' lang='grc' dir='ltr'><em>εἶναι</em></span> <span class='ocrx_word' id='word_1_108' title='bbox 739 2057 769 2098; x_wconf 85' lang='grc' dir='ltr'><strong>α.</strong></span> <span class='ocrx_word' id='word_1_109' title='bbox 792 2056 821 2098; x_wconf 85' lang='grc' dir='ltr'><strong>τ.</strong></span> <span class='ocrx_word' id='word_1_110' title='bbox 845 2037 874 2099; x_wconf 80' lang='lat' dir='ltr'><strong>t.</strong></span> <span class='ocrx_word' id='word_1_111' title='bbox 924 2038 1022 2099; x_wconf 85' lang='lat' dir='ltr'>Nihilo</span> <span class='ocrx_word' id='word_1_112' title='bbox 1044 2046 1144 2102; x_wconf 91' lang='lat' dir='ltr'><strong>tamen</strong></span> <span class='ocrx_word' id='word_1_113' title='bbox 1172 2023 1272 2101; x_wconf 87' lang='lat' dir='ltr'><strong>minus</strong></span> <span class='ocrx_word' id='word_1_114' title='bbox 1294 2058 1347 2102; x_wconf 88' lang='lat' dir='ltr'><strong>sua</strong></span> <span class='ocrx_word' id='word_1_115' title='bbox 1370 2041 1473 2120; x_wconf 86' lang='lat' dir='ltr'><strong>Vergi-</strong></span> 
     </span>
     <span class='ocr_line' id='line_1_16' title="bbox 324 2135 1475 2222; baseline 0.002 -22"><span class='ocrx_word' id='word_1_116' title='bbox 324 2139 383 2202; x_wconf 88' lang='lat' dir='ltr'><strong>lius</strong></span> <span class='ocrx_word' id='word_1_117' title='bbox 406 2139 557 2218; x_wconf 92' lang='lat' dir='ltr'><strong>putandus</strong></span> <span class='ocrx_word' id='word_1_118' title='bbox 580 2145 624 2200; x_wconf 91' lang='lat' dir='ltr'><strong>est</strong></span> <span class='ocrx_word' id='word_1_119' title='bbox 647 2147 715 2200; x_wconf 86' lang='lat' dir='ltr'><strong>ante</strong></span> <span class='ocrx_word' id='word_1_120' title='bbox 737 2157 848 2201; x_wconf 89' lang='lat' dir='ltr'><strong>annum</strong></span> <span class='ocrx_word' id='word_1_121' title='bbox 865 2135 926 2200; x_wconf 89' lang='grc'><strong>721</strong></span> <span class='ocrx_word' id='word_1_122' title='bbox 943 2141 1108 2220; x_wconf 84' lang='lat' dir='ltr'><strong>scripsisse,</strong></span> <span class='ocrx_word' id='word_1_123' title='bbox 1131 2149 1300 2222; x_wconf 77' lang='lat' dir='ltr'><strong>antequam,</strong></span> <span class='ocrx_word' id='word_1_124' title='bbox 1325 2151 1358 2204; x_wconf 93' lang='lat' dir='ltr'><strong>ut</strong></span> <span class='ocrx_word' id='word_1_125' title='bbox 1373 2143 1475 2204; x_wconf 82' lang='lat' dir='ltr'><strong>ilionis</strong></span> 
     </span>
     <span class='ocr_line' id='line_1_17' title="bbox 323 2227 1475 2326; baseline 0.003 -24"><span class='ocrx_word' id='word_1_126' title='bbox 323 2241 346 2302; x_wconf 95' lang='lat' dir='ltr'>L</span> <span class='ocrx_word' id='word_1_127' title='bbox 365 2239 380 2302; x_wconf 90' lang='lat'>1</span> <span class='ocrx_word' id='word_1_128' title='bbox 399 2241 497 2304; x_wconf 87' lang='lat' dir='ltr'><strong>verbis</strong></span> <span class='ocrx_word' id='word_1_129' title='bbox 518 2248 595 2312; x_wconf 86' lang='lat' dir='ltr'><strong>utar,</strong></span> <span class='ocrx_word' id='word_1_130' title='bbox 619 2227 637 2302; x_wconf 89' lang='grc' dir='ltr'>ὁ</span> <span class='ocrx_word' id='word_1_131' title='bbox 653 2232 797 2318; x_wconf 77' lang='grc' dir='ltr'><em>Πάρθος</em></span> <span class='ocrx_word' id='word_1_132' title='bbox 818 2228 921 2301; x_wconf 73' lang='grc' dir='ltr'><em>οὐδὲν</em></span> <span class='ocrx_word' id='word_1_133' title='bbox 936 2241 1108 2320; x_wconf 81' lang='grc' dir='ltr'><em>παρεκίνει</em></span> <span class='ocrx_word' id='word_1_134' title='bbox 1124 2252 1155 2305; x_wconf 86' lang='lat' dir='ltr'><strong>et·</strong></span> <span class='ocrx_word' id='word_1_135' title='bbox 1167 2252 1294 2325; x_wconf 83' lang='lat' dir='ltr'><strong>uterque</strong></span> <span class='ocrx_word' id='word_1_136' title='bbox 1309 2243 1475 2326; x_wconf 85' lang='lat' dir='ltr'><strong>imperator</strong></span> 
     </span>
    </p>
   </div>
   <div class='ocr_carea' id='block_1_6' title="bbox 322 2335 1542 2428">
    <p class='ocr_par' dir='ltr' id='par_1_6' title="bbox 322 2335 1542 2428">
     <span class='ocr_line' id='line_1_18' title="bbox 322 2335 1542 2428; baseline 0.002 -23"><span class='ocrx_word' id='word_1_137' title='bbox 322 2343 434 2424; x_wconf 88' lang='lat' dir='ltr'><strong>bollum</strong></span> <span class='ocrx_word' id='word_1_138' title='bbox 457 2351 560 2405; x_wconf 87' lang='lat' dir='ltr'><strong>contra</strong></span> <span class='ocrx_word' id='word_1_139' title='bbox 583 2343 708 2405; x_wconf 91' lang='lat' dir='ltr'><strong>alterum</strong></span> <span class='ocrx_word' id='word_1_140' title='bbox 730 2345 789 2406; x_wconf 90' lang='lat' dir='ltr'><strong>iam</strong></span> <span class='ocrx_word' id='word_1_141' title='bbox 812 2342 944 2422; x_wconf 87' lang='lat' dir='ltr'><strong>parabat.</strong></span> <span class='ocrx_word' id='word_1_142' title='bbox 994 2343 1098 2423; x_wconf 68' lang='grc' dir='ltr'><strong>11111111Ι</strong></span> <span class='ocrx_word' id='word_1_143' title='bbox 1113 2347 1200 2408; x_wconf 87' lang='lat' dir='ltr'><strong>etiam</strong></span> <span class='ocrx_word' id='word_1_144' title='bbox 1222 2335 1263 2406; x_wconf 81' lang='grc' dir='ltr'><strong>τὰ</strong></span> <span class='ocrx_word' id='word_1_145' title='bbox 1284 2346 1475 2428; x_wconf 77' lang='grc' dir='ltr'><em>προςπολε-</em></span> <span class='ocrx_word' id='word_1_146' title='bbox 1536 2337 1542 2352; x_wconf 81' lang='grc'><strong><em>’</em></strong></span> 
     </span>
    </p>
   </div>
   <div class='ocr_carea' id='block_1_7' title="bbox 321 2431 1474 2628">
    <p class='ocr_par' dir='ltr' id='par_1_7' title="bbox 321 2431 1474 2628">
     <span class='ocr_line' id='line_1_19' title="bbox 321 2431 1474 2531; baseline 0.002 -24"><span class='ocrx_word' id='word_1_147' title='bbox 321 2438 476 2526; x_wconf 78' lang='grc' dir='ltr'><em>μήσαντα</em></span> <span class='ocrx_word' id='word_1_148' title='bbox 503 2441 550 2530; x_wconf 77' lang='grc' dir='ltr'><strong>τῷ</strong></span> <span class='ocrx_word' id='word_1_149' title='bbox 576 2443 723 2524; x_wconf 82' lang='grc' dir='ltr'><em>Καίσαρι</em></span> <span class='ocrx_word' id='word_1_150' title='bbox 753 2431 896 2525; x_wconf 82' lang='grc' dir='ltr'><em>ἡσύχαζε</em></span> <span class='ocrx_word' id='word_1_151' title='bbox 922 2454 991 2508; x_wconf 89' lang='lat' dir='ltr'><strong>ante</strong></span> <span class='ocrx_word' id='word_1_152' title='bbox 1024 2447 1103 2510; x_wconf 87' lang='lat' dir='ltr'><strong>idern</strong></span> <span class='ocrx_word' id='word_1_153' title='bbox 1138 2457 1256 2531; x_wconf 89' lang='lat' dir='ltr'><strong>tempus</strong></span> <span class='ocrx_word' id='word_1_154' title='bbox 1291 2450 1353 2530; x_wconf 85' lang='lat' dir='ltr'><strong>(llio</strong></span> <span class='ocrx_word' id='word_1_155' title='bbox 1382 2449 1402 2512; x_wconf 92' lang='lat' dir='ltr'><strong>l.</strong></span> <span class='ocrx_word' id='word_1_156' title='bbox 1431 2449 1474 2531; x_wconf 90' lang='grc'><strong>1.),</strong></span> 
     </span>
     <span class='ocr_line' id='line_1_20' title="bbox 323 2548 1140 2628; baseline -0.005 -18"><span class='ocrx_word' id='word_1_157' title='bbox 323 2567 394 2628; x_wconf 86' lang='lat' dir='ltr'><strong>orgo</strong></span> <span class='ocrx_word' id='word_1_158' title='bbox 417 2548 575 2611; x_wconf 77' lang='lat' dir='ltr'>Germania</span> <span class='ocrx_word' id='word_1_159' title='bbox 598 2565 726 2628; x_wconf 82' lang='lat' dir='ltr'><strong>quoque.</strong></span> <span class='ocrx_word' id='word_1_160' title='bbox 1138 2556 1140 2564; x_wconf 79' lang='grc'>’</span> 
     </span>
    </p>
   </div>
   <div class='ocr_carea' id='block_1_8' title="bbox 410 2637 1494 2736">
    <p class='ocr_par' dir='ltr' id='par_1_8' title="bbox 410 2637 1494 2736">
     <span class='ocr_line' id='line_1_21' title="bbox 410 2637 1494 2736; baseline 0.002 -23"><span class='ocrx_word' id='word_1_161' title='bbox 410 2651 501 2713; x_wconf 82' lang='lat' dir='ltr'><strong>Cuius</strong></span> <span class='ocrx_word' id='word_1_162' title='bbox 529 2658 628 2712; x_wconf 88' lang='lat' dir='ltr'><strong>tamen</strong></span> <span class='ocrx_word' id='word_1_163' title='bbox 656 2651 777 2711; x_wconf 87' lang='lat' dir='ltr'><strong>nomine</strong></span> <span class='ocrx_word' id='word_1_164' title='bbox 807 2649 941 2712; x_wconf 79' lang='lat' dir='ltr'><strong>Salassos</strong></span> <span class='ocrx_word' id='word_1_165' title='bbox 968 2651 1127 2714; x_wconf 80' lang='lat' dir='ltr'><strong>Tauriscus</strong></span> <span class='ocrx_word' id='word_1_166' title='bbox 1155 2637 1312 2715; x_wconf 80' lang='lat' dir='ltr'><strong>Liburnos</strong></span> <span class='ocrx_word' id='word_1_167' title='bbox 1333 2653 1494 2736; x_wconf 82' lang='lat' dir='ltr'><strong>Japydcs‚‘</strong></span> 
     </span>
    </p>
   </div>
   <div class='ocr_carea' id='block_1_9' title="bbox 319 2751 1473 4578">
    <p class='ocr_par' dir='ltr' id='par_1_9' title="bbox 319 2751 1473 4578">
     <span class='ocr_line' id='line_1_22' title="bbox 328 2751 1472 2836; baseline 0.002 -22"><span class='ocrx_word' id='word_1_168' title='bbox 328 2751 440 2816; x_wconf 87' lang='lat' dir='ltr'><strong>Galliac</strong></span> <span class='ocrx_word' id='word_1_169' title='bbox 461 2752 527 2814; x_wconf 91' lang='lat' dir='ltr'><strong>illas</strong></span> <span class='ocrx_word' id='word_1_170' title='bbox 551 2760 580 2813; x_wconf 87' lang='lat' dir='ltr'><strong>et</strong></span> <span class='ocrx_word' id='word_1_171' title='bbox 602 2753 702 2814; x_wconf 86' lang='lat' dir='ltr'><strong>Norici</strong></span> <span class='ocrx_word' id='word_1_172' title='bbox 724 2761 754 2814; x_wconf 85' lang='lat' dir='ltr'><strong>et</strong></span> <span class='ocrx_word' id='word_1_173' title='bbox 774 2752 945 2814; x_wconf 83' lang='lat' dir='ltr'><strong>Pannoniae</strong></span> <span class='ocrx_word' id='word_1_174' title='bbox 967 2755 1118 2826; x_wconf 67' lang='lat' dir='ltr'><strong>nationes</strong></span> <span class='ocrx_word' id='word_1_175' title='bbox 1143 2774 1216 2836; x_wconf 89' lang='lat' dir='ltr'><strong>quas</strong></span> <span class='ocrx_word' id='word_1_176' title='bbox 1239 2773 1316 2817; x_wconf 90' lang='lat' dir='ltr'><strong>anno</strong></span> <span class='ocrx_word' id='word_1_177' title='bbox 1339 2753 1401 2818; x_wconf 92' lang='grc'><strong>719</strong></span> <span class='ocrx_word' id='word_1_178' title='bbox 1424 2774 1472 2816; x_wconf 88' lang='lat' dir='ltr'><strong>se·</strong></span> 
     </span>
     <span class='ocr_line' id='line_1_23' title="bbox 327 2853 1473 2936; baseline 0.002 -20"><span class='ocrx_word' id='word_1_179' title='bbox 327 2855 471 2918; x_wconf 83' lang='lat' dir='ltr'><strong>ditionem</strong></span> <span class='ocrx_word' id='word_1_180' title='bbox 493 2855 602 2916; x_wconf 88' lang='lat' dir='ltr'><strong>iecisse</strong></span> <span class='ocrx_word' id='word_1_181' title='bbox 625 2856 679 2915; x_wconf 85' lang='lat' dir='ltr'><strong>llio</strong></span> <span class='ocrx_word' id='word_1_182' title='bbox 700 2853 883 2916; x_wconf 86' lang='lat' dir='ltr'><strong>XXXXVllll</strong></span> <span class='ocrx_word' id='word_1_183' title='bbox 906 2853 948 2918; x_wconf 82' lang='lat'><strong>34</strong></span> <span class='ocrx_word' id='word_1_184' title='bbox 969 2864 1089 2936; x_wconf 88' lang='lat' dir='ltr'><strong>praeter</strong></span> <span class='ocrx_word' id='word_1_185' title='bbox 1117 2857 1190 2919; x_wconf 90' lang='lat' dir='ltr'><strong>alios</strong></span> <span class='ocrx_word' id='word_1_186' title='bbox 1218 2857 1353 2928; x_wconf 86' lang='lat' dir='ltr'><strong>tradidit,</strong></span> <span class='ocrx_word' id='word_1_187' title='bbox 1385 2859 1473 2920; x_wconf 87' lang='lat' dir='ltr'><strong>nimis</strong></span> 
     </span>
     <span class='ocr_line' id='line_1_24' title="bbox 324 2957 1473 3040; baseline 0.003 -22"><span class='ocrx_word' id='word_1_188' title='bbox 324 2959 465 3038; x_wconf 91' lang='lat' dir='ltr'><strong>prolecto</strong></span> <span class='ocrx_word' id='word_1_189' title='bbox 483 2958 638 3038; x_wconf 89' lang='lat' dir='ltr'><strong>inproprie</strong></span> <span class='ocrx_word' id='word_1_190' title='bbox 667 2975 683 3017; x_wconf 89' lang='lat' dir='ltr'><strong>a</strong></span> <span class='ocrx_word' id='word_1_191' title='bbox 717 2963 804 3037; x_wconf 88' lang='lat' dir='ltr'><strong>pocta</strong></span> <span class='ocrx_word' id='word_1_192' title='bbox 827 2957 1042 3038; x_wconf 87' lang='lat' dir='ltr'><strong>comprehendi</strong></span> <span class='ocrx_word' id='word_1_193' title='bbox 1070 2961 1171 3020; x_wconf 89' lang='lat' dir='ltr'><strong>statuit</strong></span> <span class='ocrx_word' id='word_1_194' title='bbox 1198 2979 1286 3040; x_wconf 89' lang='lat' dir='ltr'><strong>quem</strong></span> <span class='ocrx_word' id='word_1_195' title='bbox 1308 2960 1473 3022; x_wconf 86' lang='lat' dir='ltr'><strong>Francldus</strong></span> 
     </span>
     <span class='ocr_line' id='line_1_25' title="bbox 325 3059 1471 3144; baseline 0.002 -22"><span class='ocrx_word' id='word_1_196' title='bbox 325 3061 461 3138; x_wconf 86' lang='lat' dir='ltr'><strong>sequitur</strong></span> <span class='ocrx_word' id='word_1_197' title='bbox 494 3059 613 3144; x_wconf 86' lang='lat' dir='ltr'><strong>Iahnius</strong></span> <span class='ocrx_word' id='word_1_198' title='bbox 645 3059 755 3121; x_wconf 93' lang='lat' dir='ltr'><strong>introd.</strong></span> <span class='ocrx_word' id='word_1_199' title='bbox 791 3059 890 3120; x_wconf 87' lang='lat' dir='ltr'><strong>XXlV.</strong></span> <span class='ocrx_word' id='word_1_200' title='bbox 949 3060 1010 3122; x_wconf 90' lang='lat' dir='ltr'><strong>Neo</strong></span> <span class='ocrx_word' id='word_1_201' title='bbox 1039 3063 1149 3123; x_wconf 80' lang='lat' dir='ltr'><strong>rectius</strong></span> <span class='ocrx_word' id='word_1_202' title='bbox 1178 3061 1215 3122; x_wconf 90' lang='lat' dir='ltr'><strong>de</strong></span> <span class='ocrx_word' id='word_1_203' title='bbox 1243 3063 1391 3142; x_wconf 81' lang='lat' dir='ltr'><strong>Agrippae</strong></span> <span class='ocrx_word' id='word_1_204' title='bbox 1420 3081 1471 3124; x_wconf 84' lang='lat' dir='ltr'><strong>ex·</strong></span> 
     </span>
     <span class='ocr_line' id='line_1_26' title="bbox 321 3158 1471 3250; baseline 0.002 -28"><span class='ocrx_word' id='word_1_205' title='bbox 321 3162 484 3242; x_wconf 84' lang='lat' dir='ltr'><strong>peditionc,</strong></span> <span class='ocrx_word' id='word_1_206' title='bbox 517 3181 574 3242; x_wconf 89' lang='lat' dir='ltr'><strong>qua</strong></span> <span class='ocrx_word' id='word_1_207' title='bbox 596 3164 621 3223; x_wconf 92' lang='lat' dir='ltr'><strong>is</strong></span> <span class='ocrx_word' id='word_1_208' title='bbox 645 3180 722 3223; x_wconf 89' lang='lat' dir='ltr'><strong>anno</strong></span> <span class='ocrx_word' id='word_1_209' title='bbox 746 3158 807 3225; x_wconf 89' lang='grc'><strong>716</strong></span> <span class='ocrx_word' id='word_1_210' title='bbox 830 3160 966 3224; x_wconf 86' lang='lat' dir='ltr'><strong>Rhenum</strong></span> <span class='ocrx_word' id='word_1_211' title='bbox 988 3170 1195 3242; x_wconf 84' lang='lat' dir='ltr'><strong>transgressus</strong></span> <span class='ocrx_word' id='word_1_212' title='bbox 1221 3173 1281 3250; x_wconf 86' lang='lat' dir='ltr'><strong>est,</strong></span> <span class='ocrx_word' id='word_1_213' title='bbox 1311 3164 1471 3244; x_wconf 83' lang='lat' dir='ltr'><strong>cogitabis:</strong></span> 
     </span>
     <span class='ocr_line' id='line_1_27' title="bbox 324 3265 1471 3346; baseline 0.002 -20"><span class='ocrx_word' id='word_1_214' title='bbox 324 3283 403 3334; x_wconf 88' lang='lat' dir='ltr'><strong>nam,</strong></span> <span class='ocrx_word' id='word_1_215' title='bbox 427 3265 484 3325; x_wconf 92' lang='lat' dir='ltr'><strong>alia</strong></span> <span class='ocrx_word' id='word_1_216' title='bbox 506 3272 539 3325; x_wconf 88' lang='lat' dir='ltr'><strong>ut</strong></span> <span class='ocrx_word' id='word_1_217' title='bbox 562 3273 683 3334; x_wconf 89' lang='lat' dir='ltr'><strong>taceam,</strong></span> <span class='ocrx_word' id='word_1_218' title='bbox 707 3265 915 3325; x_wconf 83' lang='lat' dir='ltr'><strong>minimatum</strong></span> <span class='ocrx_word' id='word_1_219' title='bbox 938 3266 1093 3336; x_wconf 85' lang='lat' dir='ltr'><strong>Germani,</strong></span> <span class='ocrx_word' id='word_1_220' title='bbox 1122 3267 1175 3328; x_wconf 89' lang='lat' dir='ltr'><strong>sed</strong></span> <span class='ocrx_word' id='word_1_221' title='bbox 1197 3268 1338 3346; x_wconf 83' lang='lat' dir='ltr'><strong>Aquitani</strong></span> <span class='ocrx_word' id='word_1_222' title='bbox 1359 3267 1471 3328; x_wconf 89' lang='lat' dir='ltr'><strong>bellurn</strong></span> 
     </span>
     <span class='ocr_line' id='line_1_28' title="bbox 323 3360 1473 3450; baseline 0.002 -22"><span class='ocrx_word' id='word_1_223' title='bbox 323 3373 479 3428; x_wconf 87' lang='lat' dir='ltr'><strong>moverant</strong></span> <span class='ocrx_word' id='word_1_224' title='bbox 502 3367 565 3445; x_wconf 85' lang='lat' dir='ltr'><strong>(llio</strong></span> <span class='ocrx_word' id='word_1_225' title='bbox 588 3365 757 3427; x_wconf 89' lang='lat' dir='ltr'><strong>XXXXVlll</strong></span> <span class='ocrx_word' id='word_1_226' title='bbox 784 3363 851 3444; x_wconf 84' lang='lat'><strong>49),</strong></span> <span class='ocrx_word' id='word_1_227' title='bbox 883 3365 991 3446; x_wconf 88' lang='lat' dir='ltr'><strong>quibus</strong></span> <span class='ocrx_word' id='word_1_228' title='bbox 1019 3367 1142 3430; x_wconf 86' lang='lat' dir='ltr'><strong>devictis</strong></span> <span class='ocrx_word' id='word_1_229' title='bbox 1165 3367 1256 3432; x_wconf 90' lang='lat' dir='ltr'><strong>Ubios</strong></span> <span class='ocrx_word' id='word_1_230' title='bbox 1285 3360 1473 3450; x_wconf 75' lang='grc' dir='ltr'><em>μετήγαγεν</em></span> 
     </span>
     <span class='ocr_line' id='line_1_29' title="bbox 319 3455 1469 3552; baseline 0.004 -24"><span class='ocrx_word' id='word_1_231' title='bbox 319 3456 504 3548; x_wconf 77' lang='grc' dir='ltr'><strong>Ἀγρίππας</strong></span> <span class='ocrx_word' id='word_1_232' title='bbox 527 3459 700 3538; x_wconf 78' lang='grc' dir='ltr'><em>ἑκόντας</em></span> <span class='ocrx_word' id='word_1_233' title='bbox 723 3464 770 3538; x_wconf 82' lang='grc' dir='ltr'><strong>εἰς</strong></span> <span class='ocrx_word' id='word_1_234' title='bbox 792 3455 854 3546; x_wconf 76' lang='grc' dir='ltr'><strong>τὴν</strong></span> <span class='ocrx_word' id='word_1_235' title='bbox 868 3455 963 3540; x_wconf 82' lang='grc' dir='ltr'><em>ἐντὸς</em></span> <span class='ocrx_word' id='word_1_236' title='bbox 977 3464 1040 3528; x_wconf 77' lang='grc' dir='ltr'><strong>τοῦ</strong></span> <span class='ocrx_word' id='word_1_237' title='bbox 1056 3455 1178 3551; x_wconf 62' lang='lat' dir='ltr'><strong>‘Princo</strong></span> <span class='ocrx_word' id='word_1_238' title='bbox 1202 3471 1318 3551; x_wconf 87' lang='lat' dir='ltr'><strong>(Strabo</strong></span> <span class='ocrx_word' id='word_1_239' title='bbox 1333 3472 1371 3533; x_wconf 93' lang='lat' dir='ltr'><strong>IV</strong></span> <span class='ocrx_word' id='word_1_240' title='bbox 1388 3468 1469 3552; x_wconf 83' lang='lat'>194).</span> 
     </span>
     <span class='ocr_line' id='line_1_30' title="bbox 325 3568 1471 3650; baseline 0.002 -18"><span class='ocrx_word' id='word_1_241' title='bbox 325 3573 362 3632; x_wconf 81' lang='lat' dir='ltr'><strong>At</strong></span> <span class='ocrx_word' id='word_1_242' title='bbox 384 3589 511 3650; x_wconf 90' lang='lat' dir='ltr'><strong>prorsus</strong></span> <span class='ocrx_word' id='word_1_243' title='bbox 533 3569 591 3631; x_wconf 90' lang='lat' dir='ltr'><strong>huc</strong></span> <span class='ocrx_word' id='word_1_244' title='bbox 613 3569 760 3648; x_wconf 88' lang='lat' dir='ltr'><strong>quadrant</strong></span> <span class='ocrx_word' id='word_1_245' title='bbox 782 3586 858 3646; x_wconf 88' lang='lat' dir='ltr'><strong>quae</strong></span> <span class='ocrx_word' id='word_1_246' title='bbox 880 3570 934 3631; x_wconf 83' lang='lat' dir='ltr'><strong>bio</strong></span> <span class='ocrx_word' id='word_1_247' title='bbox 956 3569 993 3632; x_wconf 94' lang='lat' dir='ltr'><strong>Ll</strong></span> <span class='ocrx_word' id='word_1_248' title='bbox 1014 3568 1055 3632; x_wconf 92' lang='grc'><strong>21</strong></span> <span class='ocrx_word' id='word_1_249' title='bbox 1079 3581 1188 3643; x_wconf 87' lang='lat' dir='ltr'><strong>narrat,</strong></span> <span class='ocrx_word' id='word_1_250' title='bbox 1211 3573 1263 3635; x_wconf 94' lang='lat' dir='ltr'><strong>uhi</strong></span> <span class='ocrx_word' id='word_1_251' title='bbox 1277 3573 1471 3636; x_wconf 89' lang='lat' dir='ltr'><strong>Dalmaticum</strong></span> 
     </span>
     <span class='ocr_line' id='line_1_31' title="bbox 326 3663 1472 3755; baseline 0.003 -21"><span class='ocrx_word' id='word_1_252' title='bbox 326 3670 483 3735; x_wconf 79' lang='grc'><strong>1111111725</strong></span> <span class='ocrx_word' id='word_1_253' title='bbox 514 3671 699 3752; x_wconf 86' lang='lat' dir='ltr'><strong>triumphum</strong></span> <span class='ocrx_word' id='word_1_254' title='bbox 733 3671 890 3734; x_wconf 87' lang='lat' dir='ltr'><strong>describit:</strong></span> <span class='ocrx_word' id='word_1_255' title='bbox 925 3666 1024 3744; x_wconf 81' lang='grc' dir='ltr'><em>Γάϊος</em></span> <span class='ocrx_word' id='word_1_256' title='bbox 1055 3663 1120 3755; x_wconf 76' lang='grc' dir='ltr'><strong>γὰρ</strong></span> <span class='ocrx_word' id='word_1_257' title='bbox 1142 3673 1292 3755; x_wconf 80' lang='grc' dir='ltr'><em>Καρίνας</em></span> <span class='ocrx_word' id='word_1_258' title='bbox 1323 3665 1403 3748; x_wconf 83' lang='grc' dir='ltr'><em>τούς</em></span> <span class='ocrx_word' id='word_1_259' title='bbox 1435 3695 1472 3736; x_wconf 85' lang='grc' dir='ltr'><strong>τε</strong></span> 
     </span>
     <span class='ocr_line' id='line_1_32' title="bbox 323 3761 1471 3858; baseline 0.003 -22"><span class='ocrx_word' id='word_1_260' title='bbox 323 3773 510 3856; x_wconf 82' lang='grc' dir='ltr'><em>Μωρίνονς</em></span> <span class='ocrx_word' id='word_1_261' title='bbox 532 3767 588 3836; x_wconf 77' lang='grc' dir='ltr'><strong>καὶ</strong></span> <span class='ocrx_word' id='word_1_262' title='bbox 610 3763 735 3846; x_wconf 76' lang='grc' dir='ltr'><strong><em>ἄλλους</em></strong></span> <span class='ocrx_word' id='word_1_263' title='bbox 749 3761 842 3846; x_wconf 73' lang='grc' dir='ltr'><em>τινας</em></span> <span class='ocrx_word' id='word_1_264' title='bbox 864 3767 1184 3850; x_wconf 78' lang='grc' dir='ltr'><em>σννεπανασταντας</em></span> <span class='ocrx_word' id='word_1_265' title='bbox 1205 3766 1320 3852; x_wconf 77' lang='grc' dir='ltr'><em>αὐτοῖς</em></span> <span class='ocrx_word' id='word_1_266' title='bbox 1334 3769 1471 3858; x_wconf 79' lang='grc' dir='ltr'><em>ἐχειρώ-</em></span> 
     </span>
     <span class='ocr_line' id='line_1_33' title="bbox 322 3864 1471 3966; baseline 0.005 -30"><span class='ocrx_word' id='word_1_267' title='bbox 322 3890 404 3938; x_wconf 78' lang='grc' dir='ltr'><em>σατο</em></span> <span class='ocrx_word' id='word_1_268' title='bbox 426 3869 483 3937; x_wconf 81' lang='grc' dir='ltr'><strong>καὶ</strong></span> <span class='ocrx_word' id='word_1_269' title='bbox 505 3867 585 3948; x_wconf 78' lang='grc' dir='ltr'><strong><em>τοὺς</em></strong></span> <span class='ocrx_word' id='word_1_270' title='bbox 605 3865 788 3956; x_wconf 78' lang='grc' dir='ltr'><em>Σονήβονς</em></span> <span class='ocrx_word' id='word_1_271' title='bbox 820 3865 880 3938; x_wconf 81' lang='grc' dir='ltr'><strong>τὸν</strong></span> <span class='ocrx_word' id='word_1_272' title='bbox 915 3864 1039 3960; x_wconf 80' lang='grc' dir='ltr'><em>Ῥῆνον</em></span> <span class='ocrx_word' id='word_1_273' title='bbox 1073 3873 1127 3940; x_wconf 80' lang='grc' dir='ltr'><strong>ἐπὶ</strong></span> <span class='ocrx_word' id='word_1_274' title='bbox 1160 3875 1294 3966; x_wconf 79' lang='grc' dir='ltr'><strong><em>πολέμῳ</em></strong></span> <span class='ocrx_word' id='word_1_275' title='bbox 1328 3875 1471 3963; x_wconf 73' lang='lat' dir='ltr'><strong>daupida-</strong></span> 
     </span>
     <span class='ocr_line' id='line_1_34' title="bbox 320 3967 1471 4063; baseline 0.005 -25"><span class='ocrx_word' id='word_1_276' title='bbox 320 3998 379 4052; x_wconf 86' lang='grc' dir='ltr'><strong>τας</strong></span> <span class='ocrx_word' id='word_1_277' title='bbox 412 3967 603 4041; x_wconf 73' lang='grc' dir='ltr'><em>ἀπεώσατο·</em></span> <span class='ocrx_word' id='word_1_278' title='bbox 639 3971 694 4039; x_wconf 81' lang='grc' dir='ltr'><strong>καὶ</strong></span> <span class='ocrx_word' id='word_1_279' title='bbox 728 3967 783 4039; x_wconf 79' lang='grc' dir='ltr'><strong>διὰ</strong></span> <span class='ocrx_word' id='word_1_280' title='bbox 814 3975 918 4047; x_wconf 70' lang='grc' dir='ltr'><em>ταῦτα</em></span> <span class='ocrx_word' id='word_1_281' title='bbox 950 3970 1054 4062; x_wconf 75' lang='grc' dir='ltr'><em>ἤγαγε</em></span> <span class='ocrx_word' id='word_1_282' title='bbox 1086 3974 1149 4063; x_wconf 73' lang='grc' dir='ltr'><strong>μὲν</strong></span> <span class='ocrx_word' id='word_1_283' title='bbox 1176 3977 1237 4050; x_wconf 60' lang='grc' dir='ltr'><strong>,καὶ</strong></span> <span class='ocrx_word' id='word_1_284' title='bbox 1269 3979 1397 4056; x_wconf 81' lang='grc' dir='ltr'><em>ἐκεῖνος</em></span> <span class='ocrx_word' id='word_1_285' title='bbox 1429 3974 1471 4044; x_wconf 82' lang='grc' dir='ltr'><strong>τὰ</strong></span> 
     </span>
     <span class='ocr_line' id='line_1_35' title="bbox 322 4072 1469 4162; baseline 0.007 -20"><span class='ocrx_word' id='word_1_286' title='bbox 322 4072 513 4162; x_wconf 76' lang='grc' dir='ltr'><em>νικητήρια.</em></span> <span class='ocrx_word' id='word_1_287' title='bbox 566 4081 611 4143; x_wconf 85' lang='grc'><strong>1111</strong></span> <span class='ocrx_word' id='word_1_288' title='bbox 641 4083 761 4162; x_wconf 86' lang='lat' dir='ltr'><strong>quidem</strong></span> <span class='ocrx_word' id='word_1_289' title='bbox 791 4084 908 4161; x_wconf 87' lang='lat' dir='ltr'><strong>quando</strong></span> <span class='ocrx_word' id='word_1_290' title='bbox 943 4084 1046 4146; x_wconf 91' lang='lat' dir='ltr'><strong>turbas</strong></span> <span class='ocrx_word' id='word_1_291' title='bbox 1079 4088 1272 4150; x_wconf 84' lang='lat' dir='ltr'><strong>excitaverint</strong></span> <span class='ocrx_word' id='word_1_292' title='bbox 1308 4090 1469 4160; x_wconf 86' lang='lat' dir='ltr'><strong>nescimus,</strong></span> 
     </span>
     <span class='ocr_line' id='line_1_36' title="bbox 322 4186 1469 4268; baseline 0.003 -21"><span class='ocrx_word' id='word_1_293' title='bbox 322 4187 382 4247; x_wconf 90' lang='lat' dir='ltr'><strong>nisi</strong></span> <span class='ocrx_word' id='word_1_294' title='bbox 405 4186 483 4262; x_wconf 90' lang='lat' dir='ltr'><strong>quod</strong></span> <span class='ocrx_word' id='word_1_295' title='bbox 508 4204 543 4246; x_wconf 85' lang='lat' dir='ltr'><strong>cx</strong></span> <span class='ocrx_word' id='word_1_296' title='bbox 568 4187 610 4247; x_wconf 87' lang='lat' dir='ltr'><strong>eis</strong></span> <span class='ocrx_word' id='word_1_297' title='bbox 633 4205 708 4266; x_wconf 89' lang='lat' dir='ltr'><strong>quae</strong></span> <span class='ocrx_word' id='word_1_298' title='bbox 738 4205 828 4267; x_wconf 88' lang='lat' dir='ltr'><strong>supra</strong></span> <span class='ocrx_word' id='word_1_299' title='bbox 852 4186 998 4268; x_wconf 88' lang='lat' dir='ltr'><strong>disputavi</strong></span> <span class='ocrx_word' id='word_1_300' title='bbox 1020 4189 1175 4268; x_wconf 91' lang='lat' dir='ltr'><strong>probabile</strong></span> <span class='ocrx_word' id='word_1_301' title='bbox 1203 4199 1261 4263; x_wconf 89' lang='lat' dir='ltr'><strong>est,</strong></span> <span class='ocrx_word' id='word_1_302' title='bbox 1293 4199 1322 4252; x_wconf 88' lang='lat' dir='ltr'><strong>ot</strong></span> <span class='ocrx_word' id='word_1_303' title='bbox 1343 4191 1469 4252; x_wconf 89' lang='lat' dir='ltr'><strong>Parthos</strong></span> 
     </span>
     <span class='ocr_line' id='line_1_37' title="bbox 322 4288 1469 4370; baseline 0.006 -22"><span class='ocrx_word' id='word_1_304' title='bbox 322 4297 352 4348; x_wconf 90' lang='lat' dir='ltr'><strong>et</strong></span> <span class='ocrx_word' id='word_1_305' title='bbox 376 4288 541 4349; x_wconf 86' lang='lat' dir='ltr'><strong>Germanos</strong></span> <span class='ocrx_word' id='word_1_306' title='bbox 565 4289 670 4350; x_wconf 90' lang='lat' dir='ltr'><strong>eodem</strong></span> <span class='ocrx_word' id='word_1_307' title='bbox 693 4291 757 4350; x_wconf 85' lang='lat' dir='ltr'><strong>lero</strong></span> <span class='ocrx_word' id='word_1_308' title='bbox 780 4296 914 4370; x_wconf 88' lang='lat' dir='ltr'><strong>tempore</strong></span> <span class='ocrx_word' id='word_1_309' title='bbox 937 4293 1014 4352; x_wconf 92' lang='lat' dir='ltr'><strong>intra</strong></span> <span class='ocrx_word' id='word_1_310' title='bbox 1042 4309 1135 4354; x_wconf 93' lang='lat' dir='ltr'><strong>annos</strong></span> <span class='ocrx_word' id='word_1_311' title='bbox 1157 4291 1220 4355; x_wconf 93' lang='grc'><strong>719</strong></span> <span class='ocrx_word' id='word_1_312' title='bbox 1249 4302 1278 4354; x_wconf 87' lang='lat' dir='ltr'><strong>et</strong></span> <span class='ocrx_word' id='word_1_313' title='bbox 1305 4290 1365 4355; x_wconf 94' lang='grc'><strong>721</strong></span> <span class='ocrx_word' id='word_1_314' title='bbox 1395 4295 1469 4355; x_wconf 82' lang='lat' dir='ltr'><strong>ines</strong></span> 
     </span>
     <span class='ocr_line' id='line_1_38' title="bbox 321 4389 1468 4474; baseline 0.008 -24"><span class='ocrx_word' id='word_1_315' title='bbox 321 4389 461 4451; x_wconf 86' lang='lat' dir='ltr'><strong>bollando</strong></span> <span class='ocrx_word' id='word_1_316' title='bbox 484 4399 689 4469; x_wconf 88' lang='lat' dir='ltr'><strong>transgressos</strong></span> <span class='ocrx_word' id='word_1_317' title='bbox 712 4411 787 4454; x_wconf 87' lang='lat' dir='ltr'><strong>esse.</strong></span> <span class='ocrx_word' id='word_1_318' title='bbox 833 4392 934 4474; x_wconf 88' lang='lat' dir='ltr'><strong>ltaque</strong></span> <span class='ocrx_word' id='word_1_319' title='bbox 958 4393 1007 4455; x_wconf 92' lang='lat' dir='ltr'><strong>ubi</strong></span> <span class='ocrx_word' id='word_1_320' title='bbox 1031 4393 1176 4474; x_wconf 90' lang='lat' dir='ltr'><strong>triplicem</strong></span> <span class='ocrx_word' id='word_1_321' title='bbox 1200 4393 1468 4460; x_wconf 74' lang='grc'><strong>111172511111111·</strong></span> 
     </span>
     <span class='ocr_line' id='line_1_39' title="bbox 320 4493 1468 4578; baseline 0.007 -24"><span class='ocrx_word' id='word_1_322' title='bbox 320 4495 412 4576; x_wconf 88' lang='lat' dir='ltr'><strong>phum</strong></span> <span class='ocrx_word' id='word_1_323' title='bbox 437 4493 611 4556; x_wconf 85' lang='lat' dir='ltr'><strong>describens</strong></span> <span class='ocrx_word' id='word_1_324' title='bbox 634 4495 779 4574; x_wconf 85' lang='lat' dir='ltr'><strong>Vergilius</strong></span> <span class='ocrx_word' id='word_1_325' title='bbox 802 4499 897 4558; x_wconf 83' lang='lat' dir='ltr'><strong>victos</strong></span> <span class='ocrx_word' id='word_1_326' title='bbox 922 4506 1027 4574; x_wconf 70' lang='lat' dir='ltr'><strong>peotes</strong></span> <span class='ocrx_word' id='word_1_327' title='bbox 1050 4517 1124 4578; x_wconf 91' lang='lat' dir='ltr'><strong>quac</strong></span> <span class='ocrx_word' id='word_1_328' title='bbox 1147 4503 1237 4576; x_wconf 73' lang='lat' dir='ltr'><strong>lonpo</strong></span> <span class='ocrx_word' id='word_1_329' title='bbox 1259 4503 1368 4562; x_wconf 79' lang='lat' dir='ltr'><strong>ordine</strong></span> <span class='ocrx_word' id='word_1_330' title='bbox 1389 4505 1468 4563; x_wconf 81' lang='lat' dir='ltr'><strong>ince-</strong></span> 
     </span>
    </p>
   </div>
   <div class='ocr_carea' id='block_1_10' title="bbox 0 0 1610 5042">
    <p class='ocr_par' dir='ltr' id='par_1_10' title="bbox 0 0 1610 5042">
     <span class='ocr_line' id='line_1_40' title="bbox 0 0 1610 5042; baseline 0 0"><span class='ocrx_word' id='word_1_331' title='bbox 0 0 1610 5042; x_wconf 95' lang='lat' dir='ltr'><strong> </strong></span> 
     </span>
    </p>
   </div>
  </div>
 </body>
</html>
