3276 5050
318 391 379 454 116
765 405 1009 448 eaouucouuus.

316 585 384 642 aera
407 598 433 638 v.
458 575 520 640 887
544 575 734 644 concesserit,
758 573 872 654 reliqua
894 575 1067 634 interiorum
1091 571 1155 632 loca
1179 572 1293 633 umbris
1316 573 1463 634 contineri

315 701 340 742 v.
365 679 438 742 404.
463 675 535 741 452.
561 675 633 738 461.
650 673 802 741 490534
824 677 969 744 statuerit,
994 674 1072 754 apud
1096 691 1222 754 superos
1244 682 1347 735 contra
1372 672 1463 735 ‘caeli

317 783 480 844 iucundum
501 781 602 842 lumen
619 788 648 840 et
663 783 815 844 auras’v.
834 774 896 838 363
918 785 948 836 et
969 780 1075 838 ‘auras
1096 776 1261 838 aetherias'
1285 774 1345 838 761
1361 776 1461 838 lucere

317 887 461 946 statuerit.
507 884 544 944 Et
566 883 644 961 qnod
668 883 758 942 turris
781 881 817 940 ad
841 899 927 941 auras
949 888 1028 940 stare
1051 879 1158 942 dicitnr
1181 899 1207 941 v.
1228 877 1292 941 554
1307 881 1408 940 neseio
1423 898 1460 940 an

315 985 480 1067 hyperbole
503 1004 574 1047 usus
598 986 635 1044 sit
657 991 753 1062 poeta,
778 991 811 1043 ut
833 981 1018 1042 altitudinem
1047 984 1130 1060 quasi
1153 981 1305 1062 usquead
1334 999 1459 1061 superos
1556 1025 1559 1033 .

316 1090 504 1150 extenderet:
530 1087 582 1148 sed
606 1085 730 1146 eandem
752 1085 876 1162 figuram
900 1073 1003 1145 statim⁴
1020 1086 1097 1144 inira
1119 1086 1148 1144 in
1166 1083 1312 1162 clangoris
1328 1085 1354 1143 vi
1370 1101 1457 1162 exag-

314 1163 441 1268 geranda
465 1193 574 1251 iterum
597 1190 709 1249 inferre
732 1185 862 1247 taedium
884 1185 1029 1246 movebat.
1200 1191 1203 1199 '

395 1291 531 1353 Ridicula
547 1291 621 1352 adeo
637 1289 800 1351 subtilitate
815 1289 893 1348 idem
911 1277 1014 1357 Pollio,
1039 1295 1072 1348 ut
1086 1287 1164 1367 apud
1180 1289 1316 1349 Servium
1333 1289 1368 1350 ad
1384 1291 1456 1350 Aen.

222 1383 226 1394 ’
310 1395 348 1454 Xl
365 1391 424 1456 183
436 1395 553 1473 legitur,
568 1394 641 1454 haec
653 1393 832 1453 observavit:
846 1390 969 1468 ‘ubique
978 1389 1133 1468 Virgilium
1144 1392 1174 1450 in
1188 1390 1246 1450 diei
1258 1391 1459 1471 descriptione

310 1492 480 1557 sermonem
499 1497 628 1574 aliquem
645 1513 758 1574 ponere
774 1502 876 1572 aptum
899 1492 1109 1572 praesentibus
1132 1493 1232 1562 rebus,
1257 1502 1289 1554 ut
1304 1493 1361 1553 hoc
1377 1494 1458 1553 loco:

310 1599 378 1674 quia
395 1599 536 1658 lunarum
555 1607 585 1657 et
600 1595 820 1676 sepulturarum
835 1614 884 1656 res
900 1595 1006 1672 agitur,
1030 1593 1099 1656 dicit
1115 1597 1270 1656 extulerat
1285 1622 1328 1640 -—·
1340 1597 1411 1656 item
1428 1597 1458 1656 in

309 1706 414 1778 quarto
438 1696 530 1779 (585),
555 1700 622 1778 quia
646 1705 690 1759 est
712 1699 904 1776 navigaturus
926 1699 1041 1758 Aeneas
1064 1704 1093 1757 et
1115 1695 1276 1758 relicturus
1299 1697 1454 1766 Didonem,

308 1799 392 1863 dicit:
422 1801 543 1862 Tithoni
558 1817 699 1862 croceum
713 1799 732 1860 1.
751 1818 776 1860 3.
794 1819 819 1860 c.
844 1799 1008 1879 quodlicet
1031 1799 1215 1879 superfluum
1237 1801 1285 1868 sit,
1308 1801 1338 1860 in
1354 1799 1457 1860 multis

309 1911 409 1964 tamen
432 1902 506 1964 locis
528 1905 711 1964 invenitur.'
755 1902 902 1962 Nimirum
925 1896 1223 1963 ‘extulerutAurora
1247 1901 1361 1964 lucem'
1385 1903 1458 1962 Ver·
1484 1892 1487 1902 ’

307 2003 412 2082 gilium
434 2007 602 2086 scripsisse,
627 2014 660 2066 ut
683 2004 901 2066 elierendorum
919 2011 1104 2065 mortuorum
1129 2023 1288 2084 corporum
1312 2013 1456 2073 moneret,

308 2097 495 2183 linquentem
518 2107 639 2168 'l'ithoni
667 2105 762 2167 cubile
784 2111 929 2168 Auroram
959 2108 1098 2186 componi
1126 2108 1303 2185 cogitatione
1332 2106 1457 2168 voluisse

312 2227 380 2270 cum
411 2209 600 2288 relinquente
628 2209 751 2270 Didonis
779 2210 949 2287 coniugium
977 2209 1089 2269 Aenea!
1140 2209 1280 2269 Eiusdem
1312 2209 1462 2268 acuminis¹

245 2338 247 2341 ·
304 2317 358 2380 est,
384 2311 465 2388 quod
492 2329 673 2391 quamquam
696 2329 758 2372 non
780 2309 927 2390 appellato
950 2309 1081 2370 Pollione
1104 2309 1143 2370 ad
1163 2311 1234 2370 Aen.
1258 2309 1298 2370 lll
1319 2307 1382 2370 459
1405 2309 1455 2370 311-

303 2420 439 2474 notatur:
463 2413 511 2474 ‘et
533 2413 610 2475 bene
634 2413 843 2492 descripturus
866 2411 973 2474 caedes
997 2419 1023 2472 et
1045 2411 1267 2472 bella‘morose
1289 2411 1365 2472 diem
1383 2412 1454 2472 oriri

302 2515 407 2584 lacit’,
439 2517 507 2592 quia
534 2515 651 2577 scilieet
678 2515 728 2576 hic
755 2535 873 2595 quoque
901 2515 1013 2576 morosi
1041 2515 1121 2574 senis
1149 2513 1287 2574 ‘Tithoni
1315 2531 1453 2575 croceum

301 2615 440 2695 linquens
462 2619 577 2678 Aurora
601 2617 717 2678 cubile’
741 2620 870 2697 ponitur.

388 2717 468 2778 Haec
491 2720 580 2796 igitur
611 2728 681 2780 sunt
710 2737 786 2796 quae
809 2719 846 2780 ad
868 2716 1031 2797 Vergilium
1062 2719 1320 2796 commentandum
1343 2719 1452 2780 Pollio·

306 2838 375 2881 nem
400 2820 561 2882 contulisse
585 2822 688 2884 Servio
710 2830 831 2883 auctore
860 2823 1045 2901 accepimus,
1081 2824 1130 2899 qul
1160 2818 1294 2882 secundo
1323 2820 1389 2882 loco
1420 2823 1451 2882 in

307 2921 448 2983 omnibus
471 2931 614 3002 quantum
638 2925 747 2985 seimus
769 2923 864 2994 libris,
888 2926 984 3003 primo
1008 2931 1089 2986 certe
1110 2925 1141 2984 in
1158 2923 1327 2988 Cassellano
1350 2923 1451 2984 codice

300 3023 482 3102 simpliciter
511 3026 607 3087 Potito
634 3024 813 3106 appellatur:
850 3027 938 3086 tertio
968 3025 1045 3104 quod
1073 3028 1196 3088 Artatus
1222 3033 1297 3086 teste
1326 3023 1449 3084 Thilone

300 3127 389 3186 etiam
418 3127 450 3186 in
472 3126 635 3205 Reginensi
665 3135 694 3188 et
716 3128 850 3190 Parisino
881 3127 1014 3189 additum
1045 3136 1104 3198 est,
1133 3127 1272 3188 1331111313
1299 3103 1359 3187 tdm
1387 3127 1449 3187 noti

300 3229 429 3288 nominis
458 3229 660 3309 interpolandi
690 3230 891 3292 excusandum
921 3231 986 3290 erit.
1037 3229 1109 3290 Nam
1139 3228 1244 3310 procul
1272 3227 1309 3288 ab
1336 3229 1446 3298 Asinio,

275 3329 413 3408 'aequali
436 3337 542 3408 poetae
565 3333 676 3403 nostri,
707 3327 872 3393 commenta
901 3331 949 3392 1113
980 3333 1082 3411 utique
1112 3330 1248 3392 habenda
1271 3329 1448 3410 Berghiique

301 3433 501 3493 coniecturam
525 3432 686 3494 admodum
715 3433 901 3514 probabilem
932 3452 997 3495 esse
1024 3433 1097 3494 mihi
1125 3451 1245 3511 quoque
1272 3451 1447 3514 persuasum

296 3539 350 3591 est.
403 3533 477 3594 Nam
508 3536 564 3594 etsi
591 3537 739 3596 incertum
771 3544 817 3595 est
845 3553 915 3596 num
951 3535 1028 3616 apud
1057 3534 1164 3596 lulium
1191 3535 1389 3616 Capitolinum
1416 3537 1446 3594 in

296 3635 353 3694 vita
375 3635 515 3696 Antonini
543 3633 715 3716 philosophi
738 3655 763 3697 c.
794 3633 815 3696 2
844 3639 923 3698 inter
946 3639 1170 3716 grammaticos
1202 3655 1332 3716 ,quorum
1355 3638 1445 3698 disci·

293 3735 375 3814 plina
390 3738 554 3816 imperator
569 3757 641 3801 usus
658 3739 706 3808 sit,
718 3737 861 3800 Pollionis
877 3757 987 3801 nomeu
999 3750 1083 3802 recte
1096 3739 1213 3818 legatur
1226 3741 1304 3820 (cum
1315 3742 1346 3800 in
1362 3737 1446 3800 libris

293 3837 510 3916 Bambergensi
539 3848 568 3900 et
583 3839 718 3902 Palatino
739 3849 882 3928 coprupta
904 3844 1048 3904 memoria
1063 3844 1102 3904 sit
1125 3846 1233 3903 ‘usust
1251 3888 1258 3902 .
1275 3888 1282 3901 .
1298 3859 1443 3920 gramma-

292 3940 382 3999 ticis.
402 3987 408 3999 .
428 3987 434 4000 .
458 3940 572 4002 Latinis
596 3942 705 4004 Trosio
727 3943 807 4023 Apro
831 3953 861 4006 et
880 3947 993 4022 polono
1015 3953 1045 4006 et
1066 3943 1211 4025 Eutychio
1232 3941 1359 4004 Proculo
1381 3943 1443 4004 Sic·
1495 4023 1498 4028 ,

292 4042 408 4121 censi'),
432 4049 533 4102 tamen
558 4062 574 4103 a
596 4043 634 4104 hl.
656 4045 778 4106 Aurelio
794 4047 920 4108 Caesare
942 4048 972 4106 in
997 4049 1083 4126 epist.
1108 4046 1144 4108 ad
1159 4045 1341 4108 Frontonem
1363 4043 1409 4108 his
1431 4044 1443 4104 l

293 4139 364 4222 9p.
387 4139 429 4203 42
452 4145 486 4206 Ν.
511 4154 540 4206 et
569 4145 594 4205 ll
623 4143 643 4206 6
672 4163 702 4226 p.
726 4144 767 4208 63
790 4149 825 4210 N.
847 4148 942 4209 Pollio
976 4147 1095 4227 quidam
1129 4155 1278 4226 tamquam
1312 4147 1442 4228 optimus

290 4243 406 4306 lloratii
428 4248 578 4328 interpres
600 4250 641 4308 ita
665 4249 872 4328 praedicatur,
895 4259 928 4310 ut
949 4251 1046 4328 ipsum
1068 4258 1187 4330 poetam
1209 4249 1266 4312 sibi
1288 4267 1357 4310 cum
1379 4267 1441 4310 ma·

288 4349 383 4425 gistro
407 4358 576 4412 emortuum
599 4367 665 4410 esse
688 4350 825 4412 adfirmet
846 4351 998 4421 alumnus;
1023 4360 1056 4412 ut
1077 4371 1147 4414 sane
1169 4351 1255 4414 facile
1280 4351 1441 4431 suspiceris

289 4450 416 4512 cundem
439 4453 664 4530 grammaticum
686 4451 816 4531 Vergilio
848 4471 965 4534 quoque
988 4455 1218 4518 commentando
1241 4472 1364 4534 operam
1388 4451 1439 4512 de·
