3212 5042
317 403 359 468 36
765 425 1008 470 11011001111.

318 591 472 669 diripiunt,
498 599 527 652 at
549 591 661 654 salvum
685 599 718 654 ut
740 601 769 652 et
792 591 953 654 delendant
975 591 1054 652 bello
1078 599 1108 652 et
1123 592 1231 672 opibus
1247 599 1377 670 augeant
1393 594 1468 654 vitae

316 693 374 772 ipsi
397 694 518 754 minime
540 696 695 774 parcunt’
746 693 827 766 Quae
855 693 1063 756 concludenda
1090 701 1176 755 erant
1205 692 1285 755 velut
1312 692 1368 756 bac
1398 713 1467 756 sen·

316 796 425 856 tentia:
459 797 577 856 ‘tantus
607 813 692 872 amor
724 813 826 858 rerum
855 803 885 857 et
911 791 1031 858 ditandi'
1051 794 1145 874 gloria
1178 796 1295 874 regis’,
1336 815 1396 858 non
1433 815 1468 858 ea

319 914 408 974 quam
437 916 463 959 v.
493 894 558 959 205
584 897 723 976 legimns.
1279 891 1281 895 ’

403 998 496 1060 Multo
512 998 633 1078 quidem
650 1001 748 1078 aptius
762 998 794 1060 hi
807 1007 869 1060 tres
884 1017 988 1062 versus
1002 1000 1034 1060 in
1051 1009 1184 1062 extremo
1202 999 1301 1078 aliquo
1313 999 1351 1061 de
1362 1001 1468 1062 mortis

317 1101 429 1169 causis,
458 1099 568 1180 quibus
597 1119 669 1180 apes
691 1100 843 1162 subiectae
866 1103 935 1171 sint,
967 1103 1062 1181 capite
1084 1101 1288 1181 ponebantur:
1322 1104 1363 1163 ita
1385 1111 1467 1164 certe

317 1205 399 1263 ultro
420 1199 493 1262 illud
516 1202 671 1263 commode
695 1203 859 1282 explicetur
874 1211 963 1281 atque
980 1204 1069 1264 etiam
1092 1203 1166 1264 ‘sub
1181 1204 1280 1266 lasce’
1304 1205 1467 1266 morientes

317 1305 389 1364 satis
411 1303 510 1382 ampla
533 1303 745 1366 defunctorum
767 1307 797 1364 in
820 1311 898 1365 tecto
921 1323 1027 1383 agmen
1050 1304 1197 1366 claudant.
1227 1305 1285 1366 Sed
1301 1305 1339 1366 de
1354 1305 1467 1368 morbis

317 1423 420 1466 earum
446 1405 585 1469 versibus
601 1402 772 1468 251-280
786 1407 826 1466 ita
841 1406 1034 1485 praecipitur,
1058 1413 1091 1466 ut
1105 1407 1256 1468 inserendi
1276 1406 1323 1467 vel
1338 1405 1467 1468 addendi

317 1505 404 1568 locus
426 1507 525 1568 nullus
547 1515 654 1588 pateat.
686 1508 783 1570 Erunt
803 1510 894 1587 igitur
915 1508 1042 1569 lortasse
1065 1510 1116 1587 qui
1138 1517 1171 1570 ut
1192 1527 1290 1588 nuper
1305 1508 1468 1570 hadericus

317 1607 460 1686 Wagneri
481 1611 686 1672 coniecturam
701 1609 832 1689 probare
847 1609 950 1671 malint
964 1611 996 1670 in
1010 1608 1156 1689 Philologi
1170 1610 1314 1690 supplem.
1330 1611 1343 1670 l
1358 1629 1388 1690 p.
1405 1607 1468 1672 375

317 1710 472 1788 prolatam,
496 1731 554 1791 qua
577 1720 646 1792 post
660 1731 686 1773 v.
705 1709 766 1774 183
790 1730 893 1773 versus
915 1713 1009 1774 nostri
1032 1711 1172 1773 collocari
1187 1712 1345 1776 iubentur:
1370 1730 1467 1792 neque

318 1815 397 1872 enim
430 1813 618 1874 incommode
646 1813 688 1875 ibi
721 1812 874 1892 leguntur,
909 1831 1087 1894 quamquam
1116 1833 1154 1875 ne
1177 1815 1219 1876 sic
1247 1813 1367 1894 quidem
1394 1812 1466 1874 illud

316 1917 424 1994 ‘saepe
447 1916 553 1976 etiam'
577 1915 668 1978 habet
689 1915 816 1977 alterum
840 1918 962 1996 ‘saepe’
987 1936 1046 1997 quo
1068 1915 1226 1978 reseratur.

406 2017 511 2078 Paucis
534 2016 642 2078 deinde
666 2017 703 2078 de
726 2017 823 2078 divina
846 2037 934 2098 apum
963 2021 1079 2096 origine
1108 2017 1265 2098 disputatis
1294 2017 1329 2078 ad
1360 2018 1467 2078 messis

321 2127 456 2198 tempora
479 2121 671 2199 rationesque
695 2119 868 2199 explicanda
891 2120 1109 2198 transgreditur
1130 2126 1228 2200 poeta.
1259 2119 1352 2180 Docet
1366 2126 1467 2180 autem

303 2223 460 2302 primum,
485 2240 543 2300 quo
566 2221 690 2282 artillcio
714 2217 919 2301 (228-230),
943 2219 1050 2282 deinde
1072 2223 1157 2302 quasi
1178 2219 1351 2302 parenthesi
1372 2223 1467 2282 inter·

319 2323 416 2400 posita
439 2321 548 2401 quibus
571 2325 639 2383 anni
662 2321 847 2402 temporibus
866 2321 957 2397 ,mella
980 2341 1016 2384 011
1038 2324 1110 2384 lavis
1131 2323 1296 2402 promenda
1318 2323 1378 2382 sint
1395 2319 1466 2402 (231
1542 2367 1544 2370 -

322 2419 460 2503 -235)‚
489 2432 552 2485 tum
575 2424 695 2485 demum
719 2431 947 2494 commemorat,
977 2433 1084 2504 quanta
1113 2427 1158 2486 ira
1181 2426 1282 2504 copias
1305 2443 1374 2486 suas
1396 2442 1468 2504 apes

321 2524 483 2586 delendant
507 2521 712 2606 (236-238),
741 2527 781 2586 ita
809 2525 930 2606 quidem
960 2525 1093 2587 utnulla
1117 2525 1148 2586 hi
1170 2534 1233 2588 tres
1255 2525 1397 2588 versiculi
1420 2545 1467 2588 ra-

320 2627 402 2688 tione
424 2626 470 2688 vel
492 2647 561 2688 cum
584 2630 627 2689 eis
650 2646 726 2707 quae
749 2626 930 2688 antecedunt
951 2627 997 2688 vel
1020 2647 1087 2689 cum
1102 2629 1297 2706 sequentibus
1312 2627 1468 2689 videantur

320 2730 478 2790 coniuncta
502 2721 576 2790 ess'e.
627 2729 729 2810 ltaque
752 2736 785 2790 ut
807 2747 935 2797 causam,
959 2749 1013 2790 cur
1036 2731 1169 2792 cautelae
1191 2730 1259 2792 illae
1281 2728 1467 2792 adhibendae

319 2831 387 2902 sint,
412 2833 599 2892 continentes
621 2830 676 2892 bos
697 2833 810 2892 rectius
832 2838 899 2910 post
915 2849 940 2892 v.
957 2827 1019 2893 230
1034 2831 1174 2893 collocari
1189 2831 1268 2893 idem
1290 2831 1341 2892 ille
1356 2831 1466 2893 Schra-

321 2932 411 2994 derus
434 2933 505 3014 olim
528 2934 690 3014 perspexit.

407 3035 466 3096 Sed
489 3054 547 3096 non
571 3037 671 3098 minus
694 3042 809 3098 certum
833 3043 892 3106 est,
925 3042 1083 3116 postquam
1106 3055 1212 3098 novem
1234 3035 1371 3098 versibus
1393 3033 1468 3112 (239

321 3133 441 3218 -24n
465 3137 502 3197 de
525 3137 688 3216 purgandis
710 3137 845 3200 alveariis
864 3139 1032 3218 'expositum
1056 3145 1111 3208 est,
1134 3157 1239 3219 parum
1262 3139 1407 3200 concinne
1430 3137 1467 3198 ad

321 3258 448 3300 messem
472 3258 528 3300 nos
550 3241 685 3300 revocari
714 3240 848 3301 versibus
869 3235 1055 3311 248-250,
1087 3240 1264 3319 praesertim
1292 3258 1361 3301 cum
1389 3257 1466 3318 quae

320 3349 464 3403 secuntur
490 3341 527 3401 de
550 3341 726 3404 morborum
753 3341 894 3402 remediis
923 3343 1071 3404 artissime
1101 3361 1170 3404 cum
1192 3341 1329 3403 suffiendi
1350 3342 1467 3402 ratione

201 3475 205 3481 ·
320 3441 511 3504 cohaereant.
555 3443 649 3504 Erant
670 3442 753 3513 haec,
777 3443 885 3522 quibus
907 3443 1024 3505 lortiter
1046 3463 1080 3505 ac
1101 3443 1191 3524 plene
1206 3442 1357 3504 exhauriri
1378 3441 1466 3504 mella

269 3534 274 3549 ¹
315 3544 471 3616 iubentur,
497 3546 542 3606 eis
559 3545 777 3624 anteponenda,
800 3563 876 3624 quae
899 3547 942 3606 sic
956 3545 1115 3626 incipiunt:
1138 3546 1204 3607 ‘sin
1227 3544 1332 3607 duram
1352 3551 1467 3606 metues

318 3645 447 3708 hiemem
471 3663 639 3726 parcesque
662 3647 764 3720 lutura
780 3645 1000 3727 Contussosque
1023 3649 1137 3709 animos
1160 3655 1190 3708 et
1210 3664 1261 3708 res
1283 3645 1467 3708 miserabere

314 3749 440 3810 lractas’
464 3745 617 3829 (239sq.),
642 3767 770 3828 quorum
786 3748 890 3813 ultima
905 3748 982 3811 bene
994 3750 1158 3830 respiciunt
1172 3748 1209 3810 ad
1231 3749 1368 3827 ‘generis
1390 3747 1467 3828 lapsi

315 3850 431 3910 ruinas'
445 3846 540 3929 (249).
564 3849 704 3912 Ceterum
720 3851 776 3911 etsi
788 3850 931 3923 ordinem,
949 3869 1038 3930 quem
1053 3850 1109 3914 sibi
1127 3851 1285 3930 proposuit
1301 3859 1397 3930 poeta,
1422 3850 1466 3910 sic

271 3985 274 3992 ,
314 3953 387 4012 satis
408 3957 492 4014 reete
526 3953 696 4014 restituisse
724 3951 797 4022 mihi
825 3946 943 4023 videor}
971 3957 1071 4015 tamen
1099 3952 1221 4014 offendit
1248 3952 1466 4013 sententiarum

319 4052 467 4132 quaedam
490 4052 685 4133 adglutinatio
712 4055 806 4132 magis
834 4073 923 4134 quam
951 4056 1137 4134 compositio.
1186 4054 1262 4118 Nam
1290 4071 1358 4115 cum
1385 4053 1465 4114 necti

315 4156 487 4216 sentcntiae
509 4157 625 4234 possint
652 4155 698 4219 vel
720 4155 778 4217 boe
800 4155 921 4218 ordine:
947 4155 975 4237 1)
999 4155 1086 4218 ‘bina
1108 4157 1215 4218 messis
1238 4163 1372 4234 tempora
1394 4161 1466 4216 sunt

316 4253 525 4337 (nal—235),
555 4259 610 4319 sed
630 4260 655 4319 si
677 4257 765 4320 mella
792 4258 920 4329 relines,
950 4259 1047 4328 cautio
1074 4257 1241 4320 adhibenda
1264 4252 1463 4336 (tae-mo),

314 4357 393 4436 quod
416 4359 550 4420 inritatae
573 4378 645 4440 apes
668 4360 806 4422 mordent
823 4357 1021 4442 (aaa-238).
1066 4378 1123 4440 qua
1145 4367 1243 4420 tamea
1265 4359 1309 4418 ira
1332 4371 1401 4420 cane
1425 4375 1464 4418 ne

313 4466 342 4520 te
365 4459 513 4522 deterreri
535 4463 672 4539 pallaris;
699 4482 767 4524 nam
790 4481 848 4541 quo
871 4463 980 4541 magis’
1004 4481 1030 4525 0.
1046 4481 1075 4541 q.
1092 4482 1116 4523 s.
1138 4456 1343 4539 (tm-root
1360 4493 1402 4504 -—
1416 4458 1463 4520 vel
