3276 5050
754 421 999 464 PROLEGOMENA.

765 943 899 1020 Garun
926 933 1047 1020 IX.

532 1141 595 1222 De
627 1144 1016 1225 commentatoribus
1048 1145 1225 1248 Vergilii.

813 1375 938 1382 ——-..—..

838 1543 913 1624 §A
1008 1477 1015 1490 x

388 1714 506 1775 Primus
527 1713 680 1794 praelegit,
705 1713 735 1775 h.
759 1734 784 1776 e.
809 1715 935 1796 legendo
951 1717 1165 1795 interpretatus
1182 1717 1211 1777 e't
1233 1723 1449 1780 commentatus

305 1825 350 1879 ost
372 1816 535 1896 Vergilium
559 1817 592 1888 Q.
618 1818 765 1880 Caecilius
786 1819 933 1897 Epirota,
962 1820 1013 1898 qui
1042 1817 1167 1880 libertus
1194 1820 1282 1881 Attici
1310 1827 1339 1880 ct
1361 1819 1448 1882 Pom·

305 1921 413 2000 poniae
434 1918 511 1980 tiliae
533 1926 722 2000 praeceptor,
746 1935 815 1980 mox
832 1919 961 1982 Cornelii
976 1919 1052 1982 Galli
1066 1928 1171 2000 poetae
1194 1912 1448 1992 familiarissimus,

302 2029 371 2102 post
394 2023 458 2084 eius
481 2021 700 2084 damnationem
723 2030 909 2102 mortemque
932 2019 1068 2104 (tassio)
1093 2022 1225 2084 scholam
1248 2025 1375 2104 aperuit,
1398 2023 1449 2086 sed

227 2109 228 2114 ἵ
303 2134 336 2186 ut
357 2126 460 2206 paucis
483 2131 513 2186 et
534 2132 650 2186 tantum
673 2123 913 2186 adolescentibus
928 2127 1125 2204 praeciperet.
1171 2125 1247 2187 Eum
1269 2127 1360 2204 igitur
1376 2125 1449 2188 Sue·

302 2229 401 2288 tonius
423 2227 460 2288 de
482 2226 524 2287 ill.
547 2243 592 2305 gr.
618 2223 657 2288 16
679 2235 805 2289 testatur
828 2234 858 2288 et
879 2227 1043 2306 Vergilium
1072 2237 1101 2292 et
1130 2226 1204 2290 alios
1231 2234 1335 2306 poetas
1358 2245 1450 2289 novos

302 2330 434 2409 primum
457 2329 631 2410 praelegere
654 2331 789 2410 coepisse
812 2329 918 2390 eodem
939 2331 971 2392 ni
993 2329 1079 2390 iallor
1108 2321 1206 2398 more,
1236 2348 1294 2408 quo
1323 2328 1393 2392 olim
1417 2328 1448 2391 C.

303 2431 442 2493 Octavius
464 2431 624 2512 Lampadio
641 2431 742 2492 Naevii
764 2431 907 2492 Punicum
931 2431 1042 2496 bellum
1066 2439 1095 2494 et
1118 2430 1152 2502 Q.
1178 2431 1375 2509 Vargunteius
1397 2447 1449 2492 an·

302 2533 385 2596 nales
407 2535 496 2596 Ennii
519 2542 549 2595 et
563 2533 679 2596 Laelius
693 2532 855 2596 Archelaus
871 2534 1049 2614 Vectiusque
1063 2531 1253 2594 Philocomus
1275 2530 1381 2594 Lucilii
1402 2549 1448 2594 sa·

303 2645 385 2697 iuras
407 2635 516 2714 legisse
538 2635 676 2697 seruntur
699 2635 746 2716 (de
765 2633 807 2696 ill.
832 2653 877 2715 gr.
893 2632 923 2715 2)
947 2654 1067 2716 quoque
1089 2642 1194 2715 postea
1209 2633 1359 2698 Valerium
1374 2637 1447 2698 Pro·

303 2737 372 2798 bum
395 2739 583 2817 paucissimis
604 2738 695 2800 horas
717 2736 965 2818 postmeridianas
987 2739 1155 2818 inpertiisse
1177 2719 1317 2802 narratur
1341 2738 1387 2820 (de
1408 2736 1448 2799 ill.

301 2859 345 2919 gr.
369 2836 432 2920 24).
485 2839 621 2902 Edidisse
643 2840 762 2920 quidem
786 2841 938 2920 Epirotam
971 2840 1014 2902 vel
1037 2839 1196 2921 reliquisse
1219 2841 1449 2902 commentarios

301 2942 487 3020 Vergilianos
509 2959 654 3020 nusquam
678 2942 815 3004 traditur.
862 2942 936 3006 Cum
958 2951 1058 3005 autem
1080 2943 1223 3006 llomitius
1238 2943 1447 3004 Marsuseum

301 3045 499 3106 ‘tenellorum
521 3044 702 3108 nutriculam
724 3047 841 3107 vatum'
865 3044 1071 3126 appellaverit,
1100 3047 1199 3107 nescio
1222 3061 1259 3104 an
1281 3044 1337 3104 vivi
1359 3044 1460 3136 etiam·

301 3157 408 3227 poetae
433 3149 564 3210 carmina
586 3147 788 3229 praelegendo
811 3148 1064 3210 commendaverit
1086 3145 1269 3226 aequalibus.

833 3384 909 3467 qo.

387 3558 430 3619 lie
452 3559 551 3619 Asinii
563 3514 708 3620 l'oltioois
730 3555 836 3618 studiis
858 3557 1058 3634 grammaticis
1080 3562 1149 3634 post
1163 3553 1384 3616 Thorbeolrium
1402 3553 1448 3632 (de
1497 3535 1499 3541 ’

305 3661 407 3721 Asinio
430 3659 564 3744 Ppllione
585 3679 614 3740 p.
642 3655 703 3720 122
725 3657 800 3738 sqq.)
825 3664 853 3718 et
877 3659 926 3734 qui
949 3656 1005 3718 sihi
1027 3658 1090 3736 ipse
1112 3655 1291 3722 contradixit
1305 3656 1447 3718 Graelen·

299 3761 420 3822 haninm
453 3757 601 3839 (1111259
624 3757 747 3840 ertit)
778 3778 873 3840 nuper
901 3761 942 3820 ita
969 3759 1128 3839 disputavit
1149 3759 1358 3840 M.,Hauptius
1386 3757 1446 3820 ind.

299 3863 379 3924 lectt.
410 3872 484 3925 aest.
513 3863 610 3925 Berol.
637 3859 720 3926 1855
741 3883 771 3944 p.
795 3857 817 3923 4
839 3879 900 3940 sq,
936 3869 969 3922 ut
998 3860 1035 3922 de
1057 3859 1173 3924 Catullo
1203 3862 1461 3942 commentarium¹

299 3966 427 4046 aliquem
450 3965 487 4026 ab
508 3965 559 4027 illo
582 3967 693 4026 lactum
722 3965 794 4026 nihil
817 3964 897 4045 quod
917 3965 1027 4025 mirum
1049 3971 1129 4025 esset
1156 3963 1268 4025 habere
1289 3963 1449 4025 adfirmans
1488 3979 1492 3988 ’

299 4087 371 4130 num
394 4068 431 4128 de
454 4067 576 4146 Vergilii
596 4068 728 4130 Aeneide
751 4085 869 4146 quoque
891 4066 971 4129 idem
994 4065 1104 4147 aliquid
1129 4073 1347 4128 commentatus
1370 4073 1449 4128 esset

300 4171 460 4251 disputare·
484 4188 517 4233 se
545 4169 624 4232 nolle
654 4170 851 4250 signiticaret:
886 4187 954 4230 nam
982 4167 1134 4230 'l’hoodori
1165 4168 1301 4246 Berglrii,
1336 4168 1386 4248 qui
1418 4166 1447 4226 id

298 4274 409 4334 iactum
433 4291 497 4334 esse
520 4275 639 4352 negavit
661 4272 777 4353 eplrem.
802 4270 879 4332 stud.
903 4271 993 4350 antiq.
1020 4266 1103 4332 1845
1124 4288 1154 4350 p.
1179 4265 1248 4340 120,
1272 4269 1447 4349 suspicioni·

301 4355 366 4454 bus,
381 4377 571 4456 quantumvis
592 4375 755 4454 ingeniosis
777 4374 978 4454 quaestionem
1008 4373 1129 4434 minime
1157 4371 1343 4451 profligatam
1371 4387 1446 4432 esse.

299 4477 362 4540 Nec
385 4496 457 4541 sane
480 4496 535 4558 per
558 4497 591 4540 se
614 4480 723 4540 mirum
745 4478 833 4548 toret,
857 4478 883 4537 si
904 4486 1050 4556 patronus
1072 4474 1141 4537 olim
1166 4483 1196 4536 et
1210 4474 1362 4536 familiaris
1376 4471 1447 4532 Ver·
