<?xml version="1.0" encoding="UTF-8"?>
<!DOCTYPE html PUBLIC "-//W3C//DTD XHTML 1.0 Transitional//EN"
    "http://www.w3.org/TR/xhtml1/DTD/xhtml1-transitional.dtd">
<html xmlns="http://www.w3.org/1999/xhtml" xml:lang="en" lang="en">
 <head>
  <title>
</title>
<meta http-equiv="Content-Type" content="text/html;charset=utf-8" />
  <meta name='ocr-system' content='tesseract 3.04.00' />
  <meta name='ocr-capabilities' content='ocr_page ocr_carea ocr_par ocr_line ocrx_word'/>
</head>
<body>
  <div class='ocr_page' id='page_1' title='image "./pvergilimaronis02ribbgoog/pvergilimaronis02ribbgoog_0175.png"; bbox 0 0 3276 5050; ppageno 0'>
   <div class='ocr_carea' id='block_1_1' title="bbox 299 361 988 428">
    <p class='ocr_par' dir='ltr' id='par_1_1' title="bbox 299 361 988 428">
     <span class='ocr_line' id='line_1_1' title="bbox 299 361 988 428; baseline -0.006 -2"><span class='ocrx_word' id='word_1_1' title='bbox 299 361 360 428; x_wconf 87' lang='grc'>134</span> <span class='ocrx_word' id='word_1_2' title='bbox 744 379 988 423; x_wconf 70' lang='lat' dir='ltr'>recenseamus.</span> 
     </span>
    </p>
   </div>
   <div class='ocr_carea' id='block_1_2' title="bbox 295 543 1440 937">
    <p class='ocr_par' dir='ltr' id='par_1_2' title="bbox 295 543 1440 937">
     <span class='ocr_line' id='line_1_2' title="bbox 295 543 1440 630; baseline -0.008 -15"><span class='ocrx_word' id='word_1_3' title='bbox 295 553 332 616; x_wconf 88' lang='lat' dir='ltr'>ab</span> <span class='ocrx_word' id='word_1_4' title='bbox 354 551 467 630; x_wconf 81' lang='lat' dir='ltr'>Achille</span> <span class='ocrx_word' id='word_1_5' title='bbox 490 551 595 612; x_wconf 90' lang='lat' dir='ltr'>eodem</span> <span class='ocrx_word' id='word_1_6' title='bbox 617 549 746 611; x_wconf 89' lang='lat' dir='ltr'>reiectus</span> <span class='ocrx_word' id='word_1_7' title='bbox 769 553 848 609; x_wconf 89' lang='lat' dir='ltr'>esset</span> <span class='ocrx_word' id='word_1_8' title='bbox 871 543 963 628; x_wconf 81' lang='lat'>(120),</span> <span class='ocrx_word' id='word_1_9' title='bbox 988 553 1020 608; x_wconf 90' lang='lat' dir='ltr'>ut</span> <span class='ocrx_word' id='word_1_10' title='bbox 1043 548 1149 608; x_wconf 89' lang='lat' dir='ltr'>merito</span> <span class='ocrx_word' id='word_1_11' title='bbox 1172 545 1210 606; x_wconf 87' lang='lat' dir='ltr'>de</span> <span class='ocrx_word' id='word_1_12' title='bbox 1232 545 1290 606; x_wconf 90' lang='lat' dir='ltr'>hoc</span> <span class='ocrx_word' id='word_1_13' title='bbox 1313 543 1440 607; x_wconf 81' lang='lat' dir='ltr'>AchiMes</span> 
     </span>
     <span class='ocr_line' id='line_1_3' title="bbox 296 637 1437 733; baseline -0.006 -18"><span class='ocrx_word' id='word_1_14' title='bbox 296 655 396 716; x_wconf 90' lang='lat' dir='ltr'>dicere</span> <span class='ocrx_word' id='word_1_15' title='bbox 418 660 521 733; x_wconf 90' lang='lat' dir='ltr'>posset</span> <span class='ocrx_word' id='word_1_16' title='bbox 547 645 711 712; x_wconf 77' lang='grc' dir='ltr'><strong><em>ἐνταυθοῖ</em></strong></span> <span class='ocrx_word' id='word_1_17' title='bbox 733 645 800 709; x_wconf 79' lang='grc' dir='ltr'>νῦν</span> <span class='ocrx_word' id='word_1_18' title='bbox 822 656 913 710; x_wconf 76' lang='grc' dir='ltr'><strong><em>κεῖσο</em></strong></span> <span class='ocrx_word' id='word_1_19' title='bbox 936 637 1007 728; x_wconf 77' lang='grc' dir='ltr'><strong><em>μετ’</em></strong></span> <span class='ocrx_word' id='word_1_20' title='bbox 1033 639 1170 727; x_wconf 73' lang='grc' dir='ltr'><strong><em>ἰχθύσιν</em></strong></span> <span class='ocrx_word' id='word_1_21' title='bbox 1193 655 1222 708; x_wconf 90' lang='lat' dir='ltr'>et</span> <span class='ocrx_word' id='word_1_22' title='bbox 1242 646 1331 728; x_wconf 90' lang='lat' dir='ltr'>paulo</span> <span class='ocrx_word' id='word_1_23' title='bbox 1354 654 1437 728; x_wconf 92' lang='lat' dir='ltr'>post:</span> 
     </span>
     <span class='ocr_line' id='line_1_4' title="bbox 296 745 1440 836; baseline -0.008 -18"><span class='ocrx_word' id='word_1_24' title='bbox 296 751 521 836; x_wconf 79' lang='grc' dir='ltr'><strong><em>Σκάμανδρος</em></strong></span> <span class='ocrx_word' id='word_1_25' title='bbox 543 755 628 814; x_wconf 74' lang='grc' dir='ltr'><strong><em>οἴσει</em></strong></span> <span class='ocrx_word' id='word_1_26' title='bbox 650 747 775 834; x_wconf 77' lang='grc' dir='ltr'><strong><em>δινήεις</em></strong></span> <span class='ocrx_word' id='word_1_27' title='bbox 798 751 899 832; x_wconf 81' lang='lat' dir='ltr'>(schol.</span> <span class='ocrx_word' id='word_1_28' title='bbox 923 752 1032 812; x_wconf 81' lang='lat' dir='ltr'><strong>Veron.</strong></span> <span class='ocrx_word' id='word_1_29' title='bbox 1056 751 1128 811; x_wconf 82' lang='lat' dir='ltr'>Aen.</span> <span class='ocrx_word' id='word_1_30' title='bbox 1145 745 1270 830; x_wconf 62' lang='lat' dir='ltr'>xt559).</span> <span class='ocrx_word' id='word_1_31' title='bbox 1316 749 1440 810; x_wconf 90' lang='lat' dir='ltr'>Videtur</span> 
     </span>
     <span class='ocr_line' id='line_1_5' title="bbox 297 851 1439 937; baseline -0.008 -17"><span class='ocrx_word' id='word_1_32' title='bbox 297 867 395 921; x_wconf 91' lang='lat' dir='ltr'>autem</span> <span class='ocrx_word' id='word_1_33' title='bbox 409 860 511 937; x_wconf 79' lang='lat' dir='ltr'>Asper,</span> <span class='ocrx_word' id='word_1_34' title='bbox 526 875 594 916; x_wconf 93' lang='lat' dir='ltr'>cum</span> <span class='ocrx_word' id='word_1_35' title='bbox 606 855 685 916; x_wconf 94' lang='lat' dir='ltr'>hunc</span> <span class='ocrx_word' id='word_1_36' title='bbox 696 854 794 916; x_wconf 90' lang='lat' dir='ltr'>locum</span> <span class='ocrx_word' id='word_1_37' title='bbox 804 860 955 924; x_wconf 80' lang='lat' dir='ltr'>tractaret,</span> <span class='ocrx_word' id='word_1_38' title='bbox 974 855 1063 914; x_wconf 88' lang='lat' dir='ltr'>etiam</span> <span class='ocrx_word' id='word_1_39' title='bbox 1080 852 1136 914; x_wconf 89' lang='lat' dir='ltr'>alia</span> <span class='ocrx_word' id='word_1_40' title='bbox 1148 851 1284 932; x_wconf 86' lang='lat' dir='ltr'>exempla</span> <span class='ocrx_word' id='word_1_41' title='bbox 1295 851 1439 921; x_wconf 85' lang='lat' dir='ltr'>attulisse,</span> 
     </span>
    </p>
   </div>
   <div class='ocr_carea' id='block_1_3' title="bbox 192 953 1488 1038">
    <p class='ocr_par' dir='ltr' id='par_1_3' title="bbox 192 953 1488 1038">
     <span class='ocr_line' id='line_1_6' title="bbox 192 953 1488 1038; baseline -0.006 -16"><span class='ocrx_word' id='word_1_42' title='bbox 192 957 199 1012; x_wconf 70' lang='grc' dir='ltr'>ἶ</span> <span class='ocrx_word' id='word_1_43' title='bbox 297 960 349 1022; x_wconf 93' lang='lat' dir='ltr'>ubi</span> <span class='ocrx_word' id='word_1_44' title='bbox 378 959 466 1021; x_wconf 74' lang='lat' dir='ltr'>‘dum</span> <span class='ocrx_word' id='word_1_45' title='bbox 493 959 586 1020; x_wconf 94' lang='lat' dir='ltr'>nimio</span> <span class='ocrx_word' id='word_1_46' title='bbox 614 957 712 1018; x_wconf 90' lang='lat' dir='ltr'>studio</span> <span class='ocrx_word' id='word_1_47' title='bbox 740 955 887 1034; x_wconf 84' lang='lat' dir='ltr'>Vergilius</span> <span class='ocrx_word' id='word_1_48' title='bbox 914 955 950 1016; x_wconf 92' lang='lat' dir='ltr'>ad</span> <span class='ocrx_word' id='word_1_49' title='bbox 979 956 1141 1016; x_wconf 83' lang='lat' dir='ltr'><strong>Homerum</strong></span> <span class='ocrx_word' id='word_1_50' title='bbox 1169 953 1312 1024; x_wconf 78' lang='lat' dir='ltr'>trahitur,</span> <span class='ocrx_word' id='word_1_51' title='bbox 1342 971 1440 1032; x_wconf 89' lang='lat' dir='ltr'>neque</span> <span class='ocrx_word' id='word_1_52' title='bbox 1486 1033 1488 1038; x_wconf 23' lang='grc' dir='ltr'>Ι</span> 
     </span>
    </p>
   </div>
   <div class='ocr_carea' id='block_1_4' title="bbox 297 1039 1442 1344">
    <p class='ocr_par' dir='ltr' id='par_1_4' title="bbox 297 1039 1442 1344">
     <span class='ocr_line' id='line_1_7' title="bbox 297 1039 1440 1142; baseline -0.005 -18"><span class='ocrx_word' id='word_1_53' title='bbox 297 1039 442 1142; x_wconf 76' lang='lat' dir='ltr'>temporis</span> <span class='ocrx_word' id='word_1_54' title='bbox 464 1078 561 1140; x_wconf 89' lang='lat' dir='ltr'>neque</span> <span class='ocrx_word' id='word_1_55' title='bbox 583 1056 639 1119; x_wconf 91' lang='lat' dir='ltr'>locl</span> <span class='ocrx_word' id='word_1_56' title='bbox 664 1059 782 1119; x_wconf 87' lang='lat' dir='ltr'>curam&#39;</span> <span class='ocrx_word' id='word_1_57' title='bbox 806 1056 919 1118; x_wconf 90' lang='lat' dir='ltr'>habere</span> <span class='ocrx_word' id='word_1_58' title='bbox 934 1057 1094 1119; x_wconf 91' lang='lat' dir='ltr'>videretur.</span> <span class='ocrx_word' id='word_1_59' title='bbox 1130 1057 1173 1118; x_wconf 78' lang='lat' dir='ltr'>Ac</span> <span class='ocrx_word' id='word_1_60' title='bbox 1187 1057 1314 1118; x_wconf 82' lang='lat' dir='ltr'>fortasse</span> <span class='ocrx_word' id='word_1_61' title='bbox 1337 1056 1440 1118; x_wconf 89' lang='lat' dir='ltr'>eadem</span> 
     </span>
     <span class='ocr_line' id='line_1_8' title="bbox 298 1155 1442 1244; baseline -0.007 -18"><span class='ocrx_word' id='word_1_62' title='bbox 298 1164 395 1226; x_wconf 90' lang='lat' dir='ltr'>attulit</span> <span class='ocrx_word' id='word_1_63' title='bbox 417 1183 493 1244; x_wconf 90' lang='lat' dir='ltr'>quae</span> <span class='ocrx_word' id='word_1_64' title='bbox 515 1160 682 1223; x_wconf 84' lang='lat' dir='ltr'>Macrobius</span> <span class='ocrx_word' id='word_1_65' title='bbox 706 1159 767 1222; x_wconf 90' lang='lat' dir='ltr'>Sat.</span> <span class='ocrx_word' id='word_1_66' title='bbox 790 1161 814 1218; x_wconf 87' lang='lat' dir='ltr'>V</span> <span class='ocrx_word' id='word_1_67' title='bbox 838 1157 886 1230; x_wconf 87' lang='lat'>13,</span> <span class='ocrx_word' id='word_1_68' title='bbox 909 1155 952 1221; x_wconf 84' lang='lat'>34</span> <span class='ocrx_word' id='word_1_69' title='bbox 973 1177 1052 1240; x_wconf 68' lang='lat' dir='ltr'>sqq„</span> <span class='ocrx_word' id='word_1_70' title='bbox 1085 1160 1137 1237; x_wconf 88' lang='lat' dir='ltr'>qui</span> <span class='ocrx_word' id='word_1_71' title='bbox 1159 1157 1377 1237; x_wconf 67' lang='lat' dir='ltr'>‘ignoscenda’</span> <span class='ocrx_word' id='word_1_72' title='bbox 1401 1160 1442 1220; x_wconf 92' lang='lat' dir='ltr'>ait</span> 
     </span>
     <span class='ocr_line' id='line_1_9' title="bbox 298 1261 1439 1344; baseline -0.005 -17"><span class='ocrx_word' id='word_1_73' title='bbox 298 1264 385 1327; x_wconf 77' lang='lat' dir='ltr'>‘talia</span> <span class='ocrx_word' id='word_1_74' title='bbox 407 1263 551 1344; x_wconf 87' lang='lat' dir='ltr'>Vergilio,</span> <span class='ocrx_word' id='word_1_75' title='bbox 581 1263 632 1342; x_wconf 92' lang='lat' dir='ltr'>qui</span> <span class='ocrx_word' id='word_1_76' title='bbox 660 1262 749 1322; x_wconf 88' lang='lat' dir='ltr'>studii</span> <span class='ocrx_word' id='word_1_77' title='bbox 777 1263 856 1322; x_wconf 88' lang='lat' dir='ltr'>circa</span> <span class='ocrx_word' id='word_1_78' title='bbox 878 1261 1040 1322; x_wconf 87' lang='lat' dir='ltr'>Homerum</span> <span class='ocrx_word' id='word_1_79' title='bbox 1063 1263 1215 1322; x_wconf 84' lang='lat' dir='ltr'>nimietate</span> <span class='ocrx_word' id='word_1_80' title='bbox 1239 1261 1355 1322; x_wconf 79' lang='lat' dir='ltr'>excedit</span> <span class='ocrx_word' id='word_1_81' title='bbox 1376 1280 1439 1322; x_wconf 91' lang='lat' dir='ltr'>mo·</span> 
     </span>
    </p>
   </div>
   <div class='ocr_carea' id='block_1_5' title="bbox 253 1339 1631 1550">
    <p class='ocr_par' dir='ltr' id='par_1_5' title="bbox 253 1339 1631 1550">
     <span class='ocr_line' id='line_1_10' title="bbox 253 1339 1631 1456; baseline -0.004 -28"><span class='ocrx_word' id='word_1_82' title='bbox 253 1445 258 1456; x_wconf 34' lang='lat'>¹</span> <span class='ocrx_word' id='word_1_83' title='bbox 300 1369 389 1430; x_wconf 91' lang='lat' dir='ltr'>dum&#39;</span> <span class='ocrx_word' id='word_1_84' title='bbox 428 1365 467 1448; x_wconf 64' lang='lat' dir='ltr'>(S</span> <span class='ocrx_word' id='word_1_85' title='bbox 496 1361 566 1443; x_wconf 77' lang='lat'>40).</span> <span class='ocrx_word' id='word_1_86' title='bbox 626 1365 753 1426; x_wconf 89' lang='lat' dir='ltr'>Prorsus</span> <span class='ocrx_word' id='word_1_87' title='bbox 790 1365 869 1425; x_wconf 91' lang='lat' dir='ltr'>enim</span> <span class='ocrx_word' id='word_1_88' title='bbox 906 1363 994 1425; x_wconf 88' lang='lat' dir='ltr'>simili</span> <span class='ocrx_word' id='word_1_89' title='bbox 1035 1365 1250 1443; x_wconf 87' lang='lat' dir='ltr'>inportunitate</span> <span class='ocrx_word' id='word_1_90' title='bbox 1287 1363 1444 1432; x_wconf 84' lang='lat' dir='ltr'>flammam,</span> <span class='ocrx_word' id='word_1_91' title='bbox 1508 1416 1510 1420; x_wconf 74' lang='grc'>,</span> <span class='ocrx_word' id='word_1_92' title='bbox 1630 1339 1631 1404; x_wconf 54' lang='grc' dir='ltr'>Ᾰ</span> 
     </span>
     <span class='ocr_line' id='line_1_11' title="bbox 302 1461 1543 1550; baseline -0.005 -20"><span class='ocrx_word' id='word_1_93' title='bbox 302 1487 391 1550; x_wconf 91' lang='lat' dir='ltr'>quam</span> <span class='ocrx_word' id='word_1_94' title='bbox 413 1471 491 1534; x_wconf 86' lang='lat' dir='ltr'>inter</span> <span class='ocrx_word' id='word_1_95' title='bbox 513 1467 642 1528; x_wconf 92' lang='lat' dir='ltr'>hostium</span> <span class='ocrx_word' id='word_1_96' title='bbox 666 1466 771 1527; x_wconf 90' lang='lat' dir='ltr'>caedes</span> <span class='ocrx_word' id='word_1_97' title='bbox 793 1465 927 1548; x_wconf 76' lang='lat' dir='ltr'>Diomedi</span> <span class='ocrx_word' id='word_1_98' title='bbox 955 1467 1098 1544; x_wconf 84' lang='lat' dir='ltr'>pugnanti</span> <span class='ocrx_word' id='word_1_99' title='bbox 1127 1484 1163 1526; x_wconf 86' lang='lat' dir='ltr'>ex</span> <span class='ocrx_word' id='word_1_100' title='bbox 1192 1465 1274 1543; x_wconf 86' lang='lat' dir='ltr'>galea</span> <span class='ocrx_word' id='word_1_101' title='bbox 1303 1473 1333 1526; x_wconf 85' lang='lat' dir='ltr'>et</span> <span class='ocrx_word' id='word_1_102' title='bbox 1360 1471 1444 1535; x_wconf 79' lang='lat' dir='ltr'>scuto</span> <span class='ocrx_word' id='word_1_103' title='bbox 1542 1461 1543 1464; x_wconf 67' lang='grc'>’</span> 
     </span>
    </p>
   </div>
   <div class='ocr_carea' id='block_1_6' title="bbox 233 1566 1458 4096">
    <p class='ocr_par' dir='ltr' id='par_1_6' title="bbox 299 1566 1458 2466">
     <span class='ocr_line' id='line_1_12' title="bbox 301 1566 1445 1650; baseline -0.006 -17"><span class='ocrx_word' id='word_1_104' title='bbox 301 1572 433 1633; x_wconf 88' lang='lat' dir='ltr'>Minerva</span> <span class='ocrx_word' id='word_1_105' title='bbox 456 1569 533 1650; x_wconf 88' lang='lat' dir='ltr'>apud</span> <span class='ocrx_word' id='word_1_106' title='bbox 555 1569 718 1631; x_wconf 89' lang='lat' dir='ltr'>Homerum</span> <span class='ocrx_word' id='word_1_107' title='bbox 740 1567 887 1638; x_wconf 88' lang='lat' dir='ltr'>incendit,</span> <span class='ocrx_word' id='word_1_108' title='bbox 915 1567 1062 1646; x_wconf 83' lang='lat' dir='ltr'>Vergilius</span> <span class='ocrx_word' id='word_1_109' title='bbox 1091 1586 1150 1628; x_wconf 94' lang='lat' dir='ltr'>non</span> <span class='ocrx_word' id='word_1_110' title='bbox 1179 1567 1267 1628; x_wconf 93' lang='lat' dir='ltr'>modo</span> <span class='ocrx_word' id='word_1_111' title='bbox 1292 1566 1445 1628; x_wconf 84' lang='lat' dir='ltr'>dimicanti</span> 
     </span>
     <span class='ocr_line' id='line_1_13' title="bbox 299 1655 1444 1742; baseline -0.003 -8"><span class='ocrx_word' id='word_1_112' title='bbox 299 1674 402 1736; x_wconf 85' lang='lat' dir='ltr'>Turno</span> <span class='ocrx_word' id='word_1_113' title='bbox 423 1670 463 1732; x_wconf 89' lang='lat' dir='ltr'>lX</span> <span class='ocrx_word' id='word_1_114' title='bbox 478 1667 549 1742; x_wconf 77' lang='lat'>732,</span> <span class='ocrx_word' id='word_1_115' title='bbox 573 1670 626 1732; x_wconf 91' lang='lat' dir='ltr'>sed</span> <span class='ocrx_word' id='word_1_116' title='bbox 649 1671 826 1738; x_wconf 70' lang='lat' dir='ltr'>etiamante</span> <span class='ocrx_word' id='word_1_117' title='bbox 849 1655 961 1730; x_wconf 81' lang='lat' dir='ltr'>bellum</span> <span class='ocrx_word' id='word_1_118' title='bbox 983 1671 1015 1730; x_wconf 93' lang='lat' dir='ltr'>in</span> <span class='ocrx_word' id='word_1_119' title='bbox 1038 1671 1129 1731; x_wconf 89' lang='lat' dir='ltr'>armis</span> <span class='ocrx_word' id='word_1_120' title='bbox 1151 1670 1300 1732; x_wconf 88' lang='lat' dir='ltr'>incedenti</span> <span class='ocrx_word' id='word_1_121' title='bbox 1315 1669 1366 1730; x_wconf 91' lang='lat' dir='ltr'>Vll</span> <span class='ocrx_word' id='word_1_122' title='bbox 1382 1665 1444 1730; x_wconf 82' lang='lat'>785</span> 
     </span>
     <span class='ocr_line' id='line_1_14' title="bbox 300 1768 1445 1836; baseline -0.005 0"><span class='ocrx_word' id='word_1_123' title='bbox 300 1782 330 1836; x_wconf 93' lang='lat' dir='ltr'>et</span> <span class='ocrx_word' id='word_1_124' title='bbox 358 1775 474 1836; x_wconf 73' lang='lat' dir='ltr'>Aeneae</span> <span class='ocrx_word' id='word_1_125' title='bbox 500 1771 606 1834; x_wconf 89' lang='lat' dir='ltr'>tribuit</span> <span class='ocrx_word' id='word_1_126' title='bbox 638 1773 729 1834; x_wconf 87' lang='lat' dir='ltr'>armis</span> <span class='ocrx_word' id='word_1_127' title='bbox 762 1771 839 1832; x_wconf 87' lang='lat' dir='ltr'>dona</span> <span class='ocrx_word' id='word_1_128' title='bbox 862 1771 983 1832; x_wconf 83' lang='lat' dir='ltr'>Volcani</span> <span class='ocrx_word' id='word_1_129' title='bbox 1015 1773 1151 1833; x_wconf 89' lang='lat' dir='ltr'>mirantis</span> <span class='ocrx_word' id='word_1_130' title='bbox 1172 1772 1236 1833; x_wconf 91' lang='lat' dir='ltr'>Vlll</span> <span class='ocrx_word' id='word_1_131' title='bbox 1258 1768 1322 1832; x_wconf 79' lang='lat'>620</span> <span class='ocrx_word' id='word_1_132' title='bbox 1355 1779 1384 1832; x_wconf 89' lang='lat' dir='ltr'>et</span> <span class='ocrx_word' id='word_1_133' title='bbox 1413 1772 1445 1831; x_wconf 94' lang='lat' dir='ltr'>in</span> 
     </span>
     <span class='ocr_line' id='line_1_15' title="bbox 301 1869 1442 1954; baseline -0.003 -18"><span class='ocrx_word' id='word_1_134' title='bbox 301 1877 368 1938; x_wconf 89' lang='lat' dir='ltr'>nari</span> <span class='ocrx_word' id='word_1_135' title='bbox 389 1875 543 1936; x_wconf 91' lang='lat' dir='ltr'>redeuntis</span> <span class='ocrx_word' id='word_1_136' title='bbox 558 1874 602 1935; x_wconf 84' lang='lat' dir='ltr'>ab</span> <span class='ocrx_word' id='word_1_137' title='bbox 626 1872 764 1935; x_wconf 86' lang='lat' dir='ltr'>Euandro</span> <span class='ocrx_word' id='word_1_138' title='bbox 786 1873 812 1934; x_wconf 89' lang='lat' dir='ltr'>X</span> <span class='ocrx_word' id='word_1_139' title='bbox 833 1869 906 1934; x_wconf 78' lang='lat'>270.</span> <span class='ocrx_word' id='word_1_140' title='bbox 957 1873 1175 1936; x_wconf 84' lang='lat' dir='ltr'>Commemorat</span> <span class='ocrx_word' id='word_1_141' title='bbox 1203 1871 1359 1954; x_wconf 86' lang='lat' dir='ltr'>praeterea</span> <span class='ocrx_word' id='word_1_142' title='bbox 1381 1873 1442 1934; x_wconf 90' lang='lat' dir='ltr'>Ma·</span> 
     </span>
     <span class='ocr_line' id='line_1_16' title="bbox 301 1973 1446 2056; baseline -0.003 -18"><span class='ocrx_word' id='word_1_143' title='bbox 301 1977 423 2038; x_wconf 84' lang='lat' dir='ltr'>crebius</span> <span class='ocrx_word' id='word_1_144' title='bbox 444 1979 574 2038; x_wconf 91' lang='lat' dir='ltr'>insertos</span> <span class='ocrx_word' id='word_1_145' title='bbox 595 1994 655 2036; x_wconf 91' lang='lat' dir='ltr'>non</span> <span class='ocrx_word' id='word_1_146' title='bbox 678 1994 732 2036; x_wconf 89' lang='lat' dir='ltr'>suo</span> <span class='ocrx_word' id='word_1_147' title='bbox 760 1975 825 2036; x_wconf 89' lang='lat' dir='ltr'>loco</span> <span class='ocrx_word' id='word_1_148' title='bbox 847 1975 874 2035; x_wconf 87' lang='lat' dir='ltr'>X</span> <span class='ocrx_word' id='word_1_149' title='bbox 897 1973 957 2038; x_wconf 85' lang='lat'>101</span> <span class='ocrx_word' id='word_1_150' title='bbox 981 1975 1103 2036; x_wconf 88' lang='lat' dir='ltr'>Homeri</span> <span class='ocrx_word' id='word_1_151' title='bbox 1133 1975 1170 2036; x_wconf 90' lang='lat' dir='ltr'>de</span> <span class='ocrx_word' id='word_1_152' title='bbox 1198 1974 1348 2056; x_wconf 89' lang='lat' dir='ltr'>loquentis</span> <span class='ocrx_word' id='word_1_153' title='bbox 1371 1975 1446 2035; x_wconf 91' lang='lat' dir='ltr'>lovis</span> 
     </span>
     <span class='ocr_line' id='line_1_17' title="bbox 301 2073 1445 2157; baseline -0.004 -17"><span class='ocrx_word' id='word_1_154' title='bbox 301 2080 459 2140; x_wconf 89' lang='lat' dir='ltr'>maiestate</span> <span class='ocrx_word' id='word_1_155' title='bbox 489 2097 594 2140; x_wconf 86' lang='lat' dir='ltr'>versus</span> <span class='ocrx_word' id='word_1_156' title='bbox 623 2084 654 2138; x_wconf 91' lang='lat' dir='ltr'>et</span> <span class='ocrx_word' id='word_1_157' title='bbox 679 2077 738 2138; x_wconf 89' lang='lat' dir='ltr'>lata</span> <span class='ocrx_word' id='word_1_158' title='bbox 766 2076 801 2138; x_wconf 89' lang='lat' dir='ltr'>ad</span> <span class='ocrx_word' id='word_1_159' title='bbox 829 2076 910 2138; x_wconf 93' lang='lat' dir='ltr'>illius</span> <span class='ocrx_word' id='word_1_160' title='bbox 939 2077 1107 2157; x_wconf 84' lang='lat' dir='ltr'>exemplum</span> <span class='ocrx_word' id='word_1_161' title='bbox 1130 2076 1230 2138; x_wconf 88' lang='lat' dir='ltr'>lliadis</span> <span class='ocrx_word' id='word_1_162' title='bbox 1259 2077 1294 2156; x_wconf 85' lang='lat' dir='ltr'>(X</span> <span class='ocrx_word' id='word_1_163' title='bbox 1315 2073 1387 2154; x_wconf 80' lang='lat'>209)</span> <span class='ocrx_word' id='word_1_164' title='bbox 1415 2078 1445 2135; x_wconf 89' lang='lat' dir='ltr'>in</span> 
     </span>
     <span class='ocr_line' id='line_1_18' title="bbox 301 2169 1445 2260; baseline -0.003 -18"><span class='ocrx_word' id='word_1_165' title='bbox 301 2180 437 2242; x_wconf 89' lang='lat' dir='ltr'>lancibus</span> <span class='ocrx_word' id='word_1_166' title='bbox 459 2181 590 2260; x_wconf 90' lang='lat' dir='ltr'>inposita</span> <span class='ocrx_word' id='word_1_167' title='bbox 620 2178 701 2258; x_wconf 78' lang='lat' dir='ltr'>(heu.</span> <span class='ocrx_word' id='word_1_168' title='bbox 730 2178 784 2240; x_wconf 88' lang='lat' dir='ltr'>Xll</span> <span class='ocrx_word' id='word_1_169' title='bbox 807 2175 894 2259; x_wconf 81' lang='lat'>725),</span> <span class='ocrx_word' id='word_1_170' title='bbox 925 2169 1064 2257; x_wconf 83' lang='lat' dir='ltr'>quamvis</span> <span class='ocrx_word' id='word_1_171' title='bbox 1084 2181 1251 2259; x_wconf 90' lang='lat' dir='ltr'>periturum</span> <span class='ocrx_word' id='word_1_172' title='bbox 1280 2197 1347 2240; x_wconf 89' lang='lat' dir='ltr'>esse</span> <span class='ocrx_word' id='word_1_173' title='bbox 1369 2178 1445 2238; x_wconf 85' lang='lat' dir='ltr'>Tur·</span> 
     </span>
     <span class='ocr_line' id='line_1_19' title="bbox 301 2278 1458 2366; baseline -0.004 -21"><span class='ocrx_word' id='word_1_174' title='bbox 301 2301 374 2345; x_wconf 91' lang='lat' dir='ltr'>num</span> <span class='ocrx_word' id='word_1_175' title='bbox 405 2285 464 2344; x_wconf 93' lang='lat' dir='ltr'>iam</span> <span class='ocrx_word' id='word_1_176' title='bbox 491 2289 578 2343; x_wconf 91' lang='lat' dir='ltr'>antea</span> <span class='ocrx_word' id='word_1_177' title='bbox 601 2281 796 2361; x_wconf 85' lang='lat' dir='ltr'>praedixisset</span> <span class='ocrx_word' id='word_1_178' title='bbox 810 2281 883 2342; x_wconf 93' lang='lat' dir='ltr'>luno</span> <span class='ocrx_word' id='word_1_179' title='bbox 904 2301 931 2342; x_wconf 84' lang='lat' dir='ltr'>r.</span> <span class='ocrx_word' id='word_1_180' title='bbox 950 2278 1028 2350; x_wconf 89' lang='grc'>149;</span> <span class='ocrx_word' id='word_1_181' title='bbox 1053 2288 1082 2342; x_wconf 88' lang='lat' dir='ltr'>et</span> <span class='ocrx_word' id='word_1_182' title='bbox 1104 2281 1140 2341; x_wconf 90' lang='lat' dir='ltr'>de</span> <span class='ocrx_word' id='word_1_183' title='bbox 1162 2281 1219 2341; x_wconf 92' lang='lat' dir='ltr'>hoc</span> <span class='ocrx_word' id='word_1_184' title='bbox 1242 2279 1359 2358; x_wconf 86' lang='lat' dir='ltr'>quidem</span> <span class='ocrx_word' id='word_1_185' title='bbox 1381 2279 1458 2366; x_wconf 90' lang='lat' dir='ltr'>loco</span> 
     </span>
     <span class='ocr_line' id='line_1_20' title="bbox 304 2382 1246 2466; baseline -0.004 -20"><span class='ocrx_word' id='word_1_186' title='bbox 304 2386 471 2466; x_wconf 89' lang='lat' dir='ltr'>quaesitum</span> <span class='ocrx_word' id='word_1_187' title='bbox 494 2401 560 2444; x_wconf 90' lang='lat' dir='ltr'>esse</span> <span class='ocrx_word' id='word_1_188' title='bbox 583 2383 677 2444; x_wconf 89' lang='lat' dir='ltr'>Servii</span> <span class='ocrx_word' id='word_1_189' title='bbox 698 2401 816 2462; x_wconf 90' lang='lat' dir='ltr'>quoque</span> <span class='ocrx_word' id='word_1_190' title='bbox 837 2385 1028 2461; x_wconf 81' lang='lat' dir='ltr'>cognoscitur</span> <span class='ocrx_word' id='word_1_191' title='bbox 1050 2382 1246 2452; x_wconf 85' lang='lat' dir='ltr'>adnotatione.</span> 
     </span>
    </p>

    <p class='ocr_par' dir='ltr' id='par_1_7' title="bbox 233 2483 1449 4096">
     <span class='ocr_line' id='line_1_21' title="bbox 385 2483 1446 2566; baseline -0.001 -19"><span class='ocrx_word' id='word_1_192' title='bbox 385 2486 488 2566; x_wconf 90' lang='lat' dir='ltr'>Neque</span> <span class='ocrx_word' id='word_1_193' title='bbox 510 2484 666 2545; x_wconf 89' lang='lat' dir='ltr'>historiam</span> <span class='ocrx_word' id='word_1_194' title='bbox 688 2483 817 2563; x_wconf 84' lang='lat' dir='ltr'>neglexit</span> <span class='ocrx_word' id='word_1_195' title='bbox 838 2485 941 2564; x_wconf 80' lang='lat' dir='ltr'>Asper.</span> <span class='ocrx_word' id='word_1_196' title='bbox 965 2485 1127 2545; x_wconf 84' lang='lat' dir='ltr'>Mezentius</span> <span class='ocrx_word' id='word_1_197' title='bbox 1150 2483 1270 2563; x_wconf 90' lang='lat' dir='ltr'>quidem</span> <span class='ocrx_word' id='word_1_198' title='bbox 1299 2502 1353 2544; x_wconf 91' lang='lat' dir='ltr'>cur</span> <span class='ocrx_word' id='word_1_199' title='bbox 1375 2502 1446 2548; x_wconf 81' lang='lat' dir='ltr'>con·</span> 
     </span>
     <span class='ocr_line' id='line_1_22' title="bbox 301 2584 1447 2666; baseline -0.001 -17"><span class='ocrx_word' id='word_1_200' title='bbox 301 2594 430 2664; x_wconf 77' lang='lat' dir='ltr'>temptor</span> <span class='ocrx_word' id='word_1_201' title='bbox 451 2589 576 2648; x_wconf 81' lang='lat' dir='ltr'>deorum</span> <span class='ocrx_word' id='word_1_202' title='bbox 599 2585 714 2646; x_wconf 89' lang='lat' dir='ltr'>dicatur</span> <span class='ocrx_word' id='word_1_203' title='bbox 735 2587 832 2647; x_wconf 90' lang='lat' dir='ltr'>minus</span> <span class='ocrx_word' id='word_1_204' title='bbox 854 2592 937 2654; x_wconf 88' lang='lat' dir='ltr'>recte</span> <span class='ocrx_word' id='word_1_205' title='bbox 958 2585 1073 2647; x_wconf 88' lang='lat' dir='ltr'>ridetur</span> <span class='ocrx_word' id='word_1_206' title='bbox 1096 2585 1275 2666; x_wconf 80' lang='lat' dir='ltr'>expediisse:</span> <span class='ocrx_word' id='word_1_207' title='bbox 1299 2584 1447 2648; x_wconf 90' lang='lat' dir='ltr'>rclellitur</span> 
     </span>
     <span class='ocr_line' id='line_1_23' title="bbox 280 2683 1446 2769; baseline 0.001 -20"><span class='ocrx_word' id='word_1_208' title='bbox 280 2691 385 2750; x_wconf 60' lang='lat' dir='ltr'>⁴enim</span> <span class='ocrx_word' id='word_1_209' title='bbox 407 2688 484 2769; x_wconf 91' lang='lat' dir='ltr'>apud</span> <span class='ocrx_word' id='word_1_210' title='bbox 508 2685 690 2748; x_wconf 90' lang='lat' dir='ltr'>Macrobium</span> <span class='ocrx_word' id='word_1_211' title='bbox 713 2683 801 2758; x_wconf 84' lang='lat'>1115,</span> <span class='ocrx_word' id='word_1_212' title='bbox 826 2684 846 2748; x_wconf 89' lang='lat'>9</span> <span class='ocrx_word' id='word_1_213' title='bbox 868 2686 955 2748; x_wconf 90' lang='lat' dir='ltr'>allato</span> <span class='ocrx_word' id='word_1_214' title='bbox 979 2707 1014 2748; x_wconf 88' lang='lat' dir='ltr'>ex</span> <span class='ocrx_word' id='word_1_215' title='bbox 1038 2689 1156 2750; x_wconf 88' lang='lat' dir='ltr'>Catonis</span> <span class='ocrx_word' id='word_1_216' title='bbox 1178 2687 1349 2767; x_wconf 83' lang='lat' dir='ltr'>Originibus</span> <span class='ocrx_word' id='word_1_217' title='bbox 1371 2688 1446 2760; x_wconf 90' lang='lat' dir='ltr'>loco,</span> 
     </span>
     <span class='ocr_line' id='line_1_24' title="bbox 303 2788 1447 2878; baseline -0.001 -26"><span class='ocrx_word' id='word_1_218' title='bbox 303 2808 392 2872; x_wconf 89' lang='lat' dir='ltr'>quem</span> <span class='ocrx_word' id='word_1_219' title='bbox 413 2788 542 2869; x_wconf 81' lang='lat' dir='ltr'>Vergilio</span> <span class='ocrx_word' id='word_1_220' title='bbox 564 2791 718 2878; x_wconf 29' lang='lat' dir='ltr'>in-mente</span> <span class='ocrx_word' id='word_1_221' title='bbox 740 2790 832 2851; x_wconf 90' lang='lat' dir='ltr'>luisse</span> <span class='ocrx_word' id='word_1_222' title='bbox 854 2809 925 2851; x_wconf 91' lang='lat' dir='ltr'>sane</span> <span class='ocrx_word' id='word_1_223' title='bbox 946 2789 1101 2870; x_wconf 91' lang='lat' dir='ltr'>probabile</span> <span class='ocrx_word' id='word_1_224' title='bbox 1124 2799 1178 2854; x_wconf 88' lang='lat' dir='ltr'>est.</span> <span class='ocrx_word' id='word_1_225' title='bbox 1229 2790 1286 2852; x_wconf 90' lang='lat' dir='ltr'>Sed</span> <span class='ocrx_word' id='word_1_226' title='bbox 1308 2791 1388 2853; x_wconf 87' lang='lat' dir='ltr'>idem</span> <span class='ocrx_word' id='word_1_227' title='bbox 1411 2811 1447 2852; x_wconf 88' lang='lat' dir='ltr'>ex</span> 
     </span>
     <span class='ocr_line' id='line_1_25' title="bbox 303 2891 1448 2977; baseline 0 -23"><span class='ocrx_word' id='word_1_228' title='bbox 303 2893 384 2954; x_wconf 90' lang='lat' dir='ltr'>lonte</span> <span class='ocrx_word' id='word_1_229' title='bbox 412 2891 463 2954; x_wconf 94' lang='lat' dir='ltr'>illo</span> <span class='ocrx_word' id='word_1_230' title='bbox 492 2891 592 2977; x_wconf 81' lang='lat' dir='ltr'>hausit</span> <span class='ocrx_word' id='word_1_231' title='bbox 619 2891 656 2952; x_wconf 92' lang='lat' dir='ltr'>de</span> <span class='ocrx_word' id='word_1_232' title='bbox 687 2892 808 2971; x_wconf 79' lang='lat' dir='ltr'>Tyrrhe</span> <span class='ocrx_word' id='word_1_233' title='bbox 835 2899 955 2972; x_wconf 90' lang='lat' dir='ltr'>pastore</span> <span class='ocrx_word' id='word_1_234' title='bbox 981 2894 1168 2975; x_wconf 74' lang='lat' dir='ltr'>notitiam*),</span> <span class='ocrx_word' id='word_1_235' title='bbox 1199 2893 1229 2954; x_wconf 94' lang='lat' dir='ltr'>id</span> <span class='ocrx_word' id='word_1_236' title='bbox 1262 2893 1341 2972; x_wconf 91' lang='lat' dir='ltr'>quod</span> <span class='ocrx_word' id='word_1_237' title='bbox 1373 2894 1448 2971; x_wconf 84' lang='lat' dir='ltr'>fugit</span> 
     </span>
     <span class='ocr_line' id='line_1_26' title="bbox 233 2993 1447 3076; baseline 0 -20"><span class='ocrx_word' id='word_1_238' title='bbox 233 3021 237 3029; x_wconf 92' lang='lat'>·</span> <span class='ocrx_word' id='word_1_239' title='bbox 303 2996 468 3057; x_wconf 86' lang='lat' dir='ltr'>Henrieum</span> <span class='ocrx_word' id='word_1_240' title='bbox 490 2993 612 3064; x_wconf 88' lang='lat' dir='ltr'>lordan,</span> <span class='ocrx_word' id='word_1_241' title='bbox 643 2995 695 3076; x_wconf 79' lang='lat' dir='ltr'>qui</span> <span class='ocrx_word' id='word_1_242' title='bbox 716 2993 880 3073; x_wconf 84' lang='lat' dir='ltr'>prolegom.</span> <span class='ocrx_word' id='word_1_243' title='bbox 909 3013 939 3074; x_wconf 91' lang='lat' dir='ltr'>p.</span> <span class='ocrx_word' id='word_1_244' title='bbox 961 2995 1078 3056; x_wconf 85' lang='lat' dir='ltr'>XXVlll</span> <span class='ocrx_word' id='word_1_245' title='bbox 1105 2997 1205 3057; x_wconf 90' lang='lat' dir='ltr'>minus</span> <span class='ocrx_word' id='word_1_246' title='bbox 1233 2996 1447 3074; x_wconf 89' lang='lat' dir='ltr'>circumspecte</span> 
     </span>
     <span class='ocr_line' id='line_1_27' title="bbox 302 3094 1447 3186; baseline -0.001 -27"><span class='ocrx_word' id='word_1_247' title='bbox 302 3097 460 3186; x_wconf 89' lang='lat' dir='ltr'>Niehubrii</span> <span class='ocrx_word' id='word_1_248' title='bbox 482 3096 520 3157; x_wconf 94' lang='lat' dir='ltr'>de</span> <span class='ocrx_word' id='word_1_249' title='bbox 543 3097 639 3158; x_wconf 83' lang='lat' dir='ltr'>Servii</span> <span class='ocrx_word' id='word_1_250' title='bbox 661 3095 698 3166; x_wconf 87' lang='lat' dir='ltr'>ad</span> <span class='ocrx_word' id='word_1_251' title='bbox 720 3097 792 3157; x_wconf 79' lang='lat' dir='ltr'>hen.</span> <span class='ocrx_word' id='word_1_252' title='bbox 816 3095 853 3157; x_wconf 89' lang='lat' dir='ltr'>Vl</span> <span class='ocrx_word' id='word_1_253' title='bbox 875 3094 937 3159; x_wconf 79' lang='lat'>760</span> <span class='ocrx_word' id='word_1_254' title='bbox 963 3099 1133 3160; x_wconf 91' lang='lat' dir='ltr'>testimonio</span> <span class='ocrx_word' id='word_1_255' title='bbox 1161 3097 1303 3158; x_wconf 91' lang='lat' dir='ltr'>iudicium</span> <span class='ocrx_word' id='word_1_256' title='bbox 1331 3097 1447 3158; x_wconf 90' lang='lat' dir='ltr'>videtur</span> 
     </span>
     <span class='ocr_line' id='line_1_28' title="bbox 305 3199 1447 3280; baseline 0 -19"><span class='ocrx_word' id='word_1_257' title='bbox 305 3199 460 3280; x_wconf 88' lang='lat' dir='ltr'>amplexus</span> <span class='ocrx_word' id='word_1_258' title='bbox 482 3217 559 3260; x_wconf 89' lang='lat' dir='ltr'>esse.</span> <span class='ocrx_word' id='word_1_259' title='bbox 609 3199 720 3260; x_wconf 87' lang='lat' dir='ltr'>Verum</span> <span class='ocrx_word' id='word_1_260' title='bbox 743 3205 801 3268; x_wconf 90' lang='lat' dir='ltr'>est,</span> <span class='ocrx_word' id='word_1_261' title='bbox 830 3218 890 3260; x_wconf 93' lang='lat' dir='ltr'>non</span> <span class='ocrx_word' id='word_1_262' title='bbox 912 3202 1027 3279; x_wconf 85' lang='lat' dir='ltr'>integra</span> <span class='ocrx_word' id='word_1_263' title='bbox 1055 3199 1145 3270; x_wconf 88' lang='lat' dir='ltr'>haec,</span> <span class='ocrx_word' id='word_1_264' title='bbox 1175 3218 1249 3278; x_wconf 91' lang='lat' dir='ltr'>quae</span> <span class='ocrx_word' id='word_1_265' title='bbox 1276 3201 1308 3260; x_wconf 94' lang='lat' dir='ltr'>in</span> <span class='ocrx_word' id='word_1_266' title='bbox 1335 3200 1447 3261; x_wconf 90' lang='lat' dir='ltr'>nostris</span> 
     </span>
     <span class='ocr_line' id='line_1_29' title="bbox 306 3299 1446 3379; baseline -0.001 -16"><span class='ocrx_word' id='word_1_267' title='bbox 306 3300 427 3364; x_wconf 89' lang='lat' dir='ltr'>scholiis</span> <span class='ocrx_word' id='word_1_268' title='bbox 448 3299 587 3379; x_wconf 83' lang='lat' dir='ltr'>leguntur</span> <span class='ocrx_word' id='word_1_269' title='bbox 609 3301 751 3371; x_wconf 76' lang='lat' dir='ltr'>‘Aeneas</span> <span class='ocrx_word' id='word_1_270' title='bbox 775 3307 808 3362; x_wconf 92' lang='lat' dir='ltr'>ut</span> <span class='ocrx_word' id='word_1_271' title='bbox 830 3300 900 3361; x_wconf 90' lang='lat' dir='ltr'>Cato</span> <span class='ocrx_word' id='word_1_272' title='bbox 923 3302 1002 3372; x_wconf 90' lang='lat' dir='ltr'>dicit,</span> <span class='ocrx_word' id='word_1_273' title='bbox 1026 3301 1150 3363; x_wconf 89' lang='lat' dir='ltr'>simulac</span> <span class='ocrx_word' id='word_1_274' title='bbox 1171 3304 1252 3363; x_wconf 91' lang='lat' dir='ltr'>veuit</span> <span class='ocrx_word' id='word_1_275' title='bbox 1273 3302 1310 3363; x_wconf 90' lang='lat' dir='ltr'>ad</span> <span class='ocrx_word' id='word_1_276' title='bbox 1324 3301 1446 3372; x_wconf 88' lang='lat' dir='ltr'>ltaliam,</span> 
     </span>
     <span class='ocr_line' id='line_1_30' title="bbox 308 3400 1446 3484; baseline 0.002 -21"><span class='ocrx_word' id='word_1_277' title='bbox 308 3403 457 3465; x_wconf 82' lang='lat' dir='ltr'>Lavinium</span> <span class='ocrx_word' id='word_1_278' title='bbox 479 3404 595 3482; x_wconf 89' lang='lat' dir='ltr'>accepit</span> <span class='ocrx_word' id='word_1_279' title='bbox 616 3420 750 3473; x_wconf 87' lang='lat' dir='ltr'>uxorem,</span> <span class='ocrx_word' id='word_1_280' title='bbox 775 3400 898 3483; x_wconf 87' lang='lat' dir='ltr'>propter</span> <span class='ocrx_word' id='word_1_281' title='bbox 920 3404 998 3484; x_wconf 88' lang='lat' dir='ltr'>quod</span> <span class='ocrx_word' id='word_1_282' title='bbox 1014 3405 1134 3466; x_wconf 87' lang='lat' dir='ltr'>&#39;lurnus</span> <span class='ocrx_word' id='word_1_283' title='bbox 1155 3406 1247 3466; x_wconf 89' lang='lat' dir='ltr'>iratus</span> <span class='ocrx_word' id='word_1_284' title='bbox 1268 3405 1375 3466; x_wconf 90' lang='lat' dir='ltr'>tamin</span> <span class='ocrx_word' id='word_1_285' title='bbox 1391 3403 1446 3465; x_wconf 91' lang='lat' dir='ltr'>La·</span> 
     </span>
     <span class='ocr_line' id='line_1_31' title="bbox 306 3504 1448 3586; baseline 0 -20"><span class='ocrx_word' id='word_1_286' title='bbox 306 3507 403 3566; x_wconf 91' lang='lat' dir='ltr'>tinum</span> <span class='ocrx_word' id='word_1_287' title='bbox 424 3522 512 3584; x_wconf 85' lang='lat' dir='ltr'>quam</span> <span class='ocrx_word' id='word_1_288' title='bbox 534 3506 566 3570; x_wconf 90' lang='lat' dir='ltr'>in</span> <span class='ocrx_word' id='word_1_289' title='bbox 587 3506 717 3566; x_wconf 81' lang='lat' dir='ltr'>Aeneam</span> <span class='ocrx_word' id='word_1_290' title='bbox 739 3504 816 3566; x_wconf 89' lang='lat' dir='ltr'>bella</span> <span class='ocrx_word' id='word_1_291' title='bbox 839 3507 969 3585; x_wconf 86' lang='lat' dir='ltr'>suscepit</span> <span class='ocrx_word' id='word_1_292' title='bbox 998 3526 1014 3567; x_wconf 90' lang='lat' dir='ltr'>a</span> <span class='ocrx_word' id='word_1_293' title='bbox 1036 3505 1180 3568; x_wconf 87' lang='lat' dir='ltr'>Mezentio</span> <span class='ocrx_word' id='word_1_294' title='bbox 1208 3508 1373 3586; x_wconf 88' lang='lat' dir='ltr'>impetratis</span> <span class='ocrx_word' id='word_1_295' title='bbox 1396 3525 1448 3568; x_wconf 88' lang='lat' dir='ltr'>au·</span> 
     </span>
     <span class='ocr_line' id='line_1_32' title="bbox 306 3605 1448 3689; baseline 0.002 -21"><span class='ocrx_word' id='word_1_296' title='bbox 306 3605 400 3668; x_wconf 90' lang='lat' dir='ltr'>xiliis&#39;</span> <span class='ocrx_word' id='word_1_297' title='bbox 424 3614 507 3668; x_wconf 87' lang='lat' dir='ltr'>recte</span> <span class='ocrx_word' id='word_1_298' title='bbox 529 3605 565 3666; x_wconf 90' lang='lat' dir='ltr'>ad</span> <span class='ocrx_word' id='word_1_299' title='bbox 588 3605 729 3668; x_wconf 85' lang='lat' dir='ltr'>Catonem</span> <span class='ocrx_word' id='word_1_300' title='bbox 752 3625 841 3686; x_wconf 90' lang='lat' dir='ltr'>posse</span> <span class='ocrx_word' id='word_1_301' title='bbox 863 3607 980 3678; x_wconf 87' lang='lat' dir='ltr'>referri,</span> <span class='ocrx_word' id='word_1_302' title='bbox 1004 3608 1056 3669; x_wconf 92' lang='lat' dir='ltr'>sed</span> <span class='ocrx_word' id='word_1_303' title='bbox 1078 3611 1213 3678; x_wconf 86' lang='lat' dir='ltr'>resectis,</span> <span class='ocrx_word' id='word_1_304' title='bbox 1237 3628 1314 3689; x_wconf 88' lang='lat' dir='ltr'>quae</span> <span class='ocrx_word' id='word_1_305' title='bbox 1337 3628 1353 3669; x_wconf 90' lang='lat' dir='ltr'>e</span> <span class='ocrx_word' id='word_1_306' title='bbox 1375 3609 1448 3670; x_wconf 90' lang='lat' dir='ltr'>Ver·</span> 
     </span>
     <span class='ocr_line' id='line_1_33' title="bbox 307 3708 1447 3791; baseline 0.001 -22"><span class='ocrx_word' id='word_1_307' title='bbox 307 3708 379 3788; x_wconf 79' lang='lat' dir='ltr'>gilio</span> <span class='ocrx_word' id='word_1_308' title='bbox 402 3727 418 3768; x_wconf 90' lang='lat' dir='ltr'>a</span> <span class='ocrx_word' id='word_1_309' title='bbox 441 3715 675 3769; x_wconf 89' lang='lat' dir='ltr'>commentatore</span> <span class='ocrx_word' id='word_1_310' title='bbox 696 3710 856 3789; x_wconf 90' lang='lat' dir='ltr'>inportune</span> <span class='ocrx_word' id='word_1_311' title='bbox 884 3709 981 3774; x_wconf 89' lang='lat' dir='ltr'>addita</span> <span class='ocrx_word' id='word_1_312' title='bbox 1009 3717 1078 3772; x_wconf 91' lang='lat' dir='ltr'>sunt</span> <span class='ocrx_word' id='word_1_313' title='bbox 1105 3714 1248 3791; x_wconf 75' lang='lat' dir='ltr'>‘propter</span> <span class='ocrx_word' id='word_1_314' title='bbox 1275 3710 1353 3791; x_wconf 88' lang='lat' dir='ltr'>quod</span> <span class='ocrx_word' id='word_1_315' title='bbox 1378 3757 1384 3770; x_wconf 95' lang='lat'>.</span> <span class='ocrx_word' id='word_1_316' title='bbox 1408 3755 1447 3770; x_wconf 92' lang='lat'>..</span> 
     </span>
     <span class='ocr_line' id='line_1_34' title="bbox 309 3808 1448 3890; baseline 0.001 -19"><span class='ocrx_word' id='word_1_317' title='bbox 309 3808 444 3871; x_wconf 86' lang='lat' dir='ltr'>auxiliis’</span> <span class='ocrx_word' id='word_1_318' title='bbox 468 3809 571 3887; x_wconf 89' lang='lat' dir='ltr'>quidni</span> <span class='ocrx_word' id='word_1_319' title='bbox 593 3808 630 3871; x_wconf 92' lang='lat' dir='ltr'>de</span> <span class='ocrx_word' id='word_1_320' title='bbox 651 3809 770 3872; x_wconf 86' lang='lat' dir='ltr'>Lavinia</span> <span class='ocrx_word' id='word_1_321' title='bbox 791 3816 908 3875; x_wconf 80' lang='lat' dir='ltr'>Aeneae</span> <span class='ocrx_word' id='word_1_322' title='bbox 929 3831 1022 3874; x_wconf 87' lang='lat' dir='ltr'>uxore</span> <span class='ocrx_word' id='word_1_323' title='bbox 1043 3811 1128 3874; x_wconf 93' lang='lat' dir='ltr'>illum</span> <span class='ocrx_word' id='word_1_324' title='bbox 1150 3829 1268 3890; x_wconf 87' lang='lat' dir='ltr'>quoque</span> <span class='ocrx_word' id='word_1_325' title='bbox 1290 3811 1448 3873; x_wconf 87' lang='lat' dir='ltr'>tradidisse</span> 
     </span>
     <span class='ocr_line' id='line_1_35' title="bbox 306 3910 1447 3992; baseline 0.002 -19"><span class='ocrx_word' id='word_1_326' title='bbox 306 3910 498 3991; x_wconf 78' lang='lat' dir='ltr'>putabimus?</span> <span class='ocrx_word' id='word_1_327' title='bbox 542 3911 616 3972; x_wconf 89' lang='lat' dir='ltr'>Nam</span> <span class='ocrx_word' id='word_1_328' title='bbox 639 3916 802 3991; x_wconf 87' lang='lat' dir='ltr'>sequentia,</span> <span class='ocrx_word' id='word_1_329' title='bbox 826 3932 902 3992; x_wconf 89' lang='lat' dir='ltr'>quae</span> <span class='ocrx_word' id='word_1_330' title='bbox 925 3933 961 3975; x_wconf 84' lang='lat' dir='ltr'>ex</span> <span class='ocrx_word' id='word_1_331' title='bbox 985 3915 1174 3975; x_wconf 84' lang='lat' dir='ltr'>adnotatione</span> <span class='ocrx_word' id='word_1_332' title='bbox 1196 3912 1232 3973; x_wconf 93' lang='lat' dir='ltr'>ad</span> <span class='ocrx_word' id='word_1_333' title='bbox 1248 3910 1378 3975; x_wconf 81' lang='lat'>1111620</span> <span class='ocrx_word' id='word_1_334' title='bbox 1399 3931 1447 3975; x_wconf 89' lang='lat' dir='ltr'>re-</span> 
     </span>
     <span class='ocr_line' id='line_1_36' title="bbox 306 4012 1449 4096; baseline 0.003 -22"><span class='ocrx_word' id='word_1_335' title='bbox 306 4020 459 4094; x_wconf 89' lang='lat' dir='ltr'>petuntur,</span> <span class='ocrx_word' id='word_1_336' title='bbox 484 4015 600 4094; x_wconf 71' lang='lat' dir='ltr'>tprimo</span> <span class='ocrx_word' id='word_1_337' title='bbox 622 4012 701 4076; x_wconf 91' lang='lat' dir='ltr'>bello</span> <span class='ocrx_word' id='word_1_338' title='bbox 723 4017 813 4096; x_wconf 91' lang='lat' dir='ltr'>periit</span> <span class='ocrx_word' id='word_1_339' title='bbox 834 4016 966 4088; x_wconf 88' lang='lat' dir='ltr'>Latinus,</span> <span class='ocrx_word' id='word_1_340' title='bbox 990 4016 1120 4078; x_wconf 90' lang='lat' dir='ltr'>secundo</span> <span class='ocrx_word' id='word_1_341' title='bbox 1142 4016 1255 4096; x_wconf 89' lang='lat' dir='ltr'>pariter</span> <span class='ocrx_word' id='word_1_342' title='bbox 1277 4015 1397 4077; x_wconf 85' lang='lat' dir='ltr'>Turnus</span> <span class='ocrx_word' id='word_1_343' title='bbox 1418 4024 1449 4078; x_wconf 89' lang='lat' dir='ltr'>et</span> 
     </span>
    </p>
   </div>
   <div class='ocr_carea' id='block_1_7' title="bbox 307 4181 1449 4340">
    <p class='ocr_par' dir='ltr' id='par_1_8' title="bbox 307 4181 1449 4340">
     <span class='ocr_line' id='line_1_37' title="bbox 376 4181 1449 4252; baseline 0.001 -18"><span class='ocrx_word' id='word_1_344' title='bbox 376 4181 406 4250; x_wconf 76' lang='lat' dir='ltr'>*J</span> <span class='ocrx_word' id='word_1_345' title='bbox 425 4182 517 4237; x_wconf 84' lang='lat' dir='ltr'>Schol.</span> <span class='ocrx_word' id='word_1_346' title='bbox 536 4184 637 4235; x_wconf 85' lang='lat' dir='ltr'>Veron.</span> <span class='ocrx_word' id='word_1_347' title='bbox 655 4183 724 4238; x_wconf 86' lang='lat' dir='ltr'>Aen.</span> <span class='ocrx_word' id='word_1_348' title='bbox 741 4185 795 4236; x_wconf 87' lang='lat' dir='ltr'>VH</span> <span class='ocrx_word' id='word_1_349' title='bbox 816 4187 880 4237; x_wconf 81' lang='lat'>485:</span> <span class='ocrx_word' id='word_1_350' title='bbox 903 4185 983 4252; x_wconf 79' lang='lat' dir='ltr'>‘Asp</span> <span class='ocrx_word' id='word_1_351' title='bbox 1009 4201 1108 4238; x_wconf 88' lang='lat' dir='ltr'>nomen</span> <span class='ocrx_word' id='word_1_352' title='bbox 1129 4185 1223 4252; x_wconf 74' lang='lat' dir='ltr'>Tyrrhi</span> <span class='ocrx_word' id='word_1_353' title='bbox 1249 4186 1284 4236; x_wconf 84' lang='lat' dir='ltr'>ab</span> <span class='ocrx_word' id='word_1_354' title='bbox 1307 4186 1449 4238; x_wconf 85' lang='lat' dir='ltr'>historicis</span> 
     </span>
     <span class='ocr_line' id='line_1_38' title="bbox 307 4268 1448 4340; baseline 0.003 -21"><span class='ocrx_word' id='word_1_355' title='bbox 307 4269 400 4322; x_wconf 81' lang='lat' dir='ltr'>traxit.</span> <span class='ocrx_word' id='word_1_356' title='bbox 424 4268 559 4334; x_wconf 84' lang='lat' dir='ltr'>Tyrrhum</span> <span class='ocrx_word' id='word_1_357' title='bbox 578 4269 651 4320; x_wconf 92' lang='lat' dir='ltr'>enim</span> <span class='ocrx_word' id='word_1_358' title='bbox 670 4271 747 4320; x_wconf 79' lang='lat' dir='ltr'>ciunt</span> <span class='ocrx_word' id='word_1_359' title='bbox 765 4269 849 4322; x_wconf 84' lang='lat' dir='ltr'>fuisse</span> <span class='ocrx_word' id='word_1_360' title='bbox 867 4274 1015 4337; x_wconf 82' lang='lat' dir='ltr'>pastorem,</span> <span class='ocrx_word' id='word_1_361' title='bbox 1035 4277 1102 4338; x_wconf 82' lang='lat' dir='ltr'>aput</span> <span class='ocrx_word' id='word_1_362' title='bbox 1120 4287 1201 4337; x_wconf 90' lang='lat' dir='ltr'>quem</span> <span class='ocrx_word' id='word_1_363' title='bbox 1218 4269 1361 4340; x_wconf 63' lang='lat' dir='ltr'>Marinio)</span> <span class='ocrx_word' id='word_1_364' title='bbox 1381 4273 1448 4323; x_wconf 87' lang='lat' dir='ltr'>deli·</span> 
     </span>
    </p>
   </div>
   <div class='ocr_carea' id='block_1_8' title="bbox 306 4354 1449 4496">
    <p class='ocr_par' dir='ltr' id='par_1_9' title="bbox 306 4354 1449 4496">
     <span class='ocr_line' id='line_1_39' title="bbox 307 4354 1449 4424; baseline 0.003 -20"><span class='ocrx_word' id='word_1_365' title='bbox 307 4355 362 4405; x_wconf 89' lang='lat' dir='ltr'>tuit</span> <span class='ocrx_word' id='word_1_366' title='bbox 391 4357 449 4404; x_wconf 89' lang='lat' dir='ltr'>tum</span> <span class='ocrx_word' id='word_1_367' title='bbox 481 4369 543 4420; x_wconf 89' lang='lat' dir='ltr'>qum</span> <span class='ocrx_word' id='word_1_368' title='bbox 565 4354 715 4407; x_wconf 82' lang='lat' dir='ltr'>Ascanium</span> <span class='ocrx_word' id='word_1_369' title='bbox 745 4356 845 4408; x_wconf 87' lang='lat' dir='ltr'>timens</span> <span class='ocrx_word' id='word_1_370' title='bbox 870 4357 944 4424; x_wconf 78' lang='lat' dir='ltr'>fugit</span> <span class='ocrx_word' id='word_1_371' title='bbox 968 4358 998 4407; x_wconf 90' lang='lat' dir='ltr'>in</span> <span class='ocrx_word' id='word_1_372' title='bbox 1025 4357 1121 4412; x_wconf 83' lang='lat' dir='ltr'>silvas.</span> <span class='ocrx_word' id='word_1_373' title='bbox 1164 4357 1211 4408; x_wconf 88' lang='lat' dir='ltr'>hic</span> <span class='ocrx_word' id='word_1_374' title='bbox 1232 4357 1328 4409; x_wconf 84' lang='lat' dir='ltr'>Latini</span> <span class='ocrx_word' id='word_1_375' title='bbox 1349 4357 1449 4410; x_wconf 85' lang='lat' dir='ltr'>vilicus</span> 
     </span>
     <span class='ocr_line' id='line_1_40' title="bbox 306 4438 553 4496; baseline 0.004 -5"><span class='ocrx_word' id='word_1_376' title='bbox 306 4438 424 4492; x_wconf 79' lang='lat' dir='ltr'>traditur</span> <span class='ocrx_word' id='word_1_377' title='bbox 441 4439 553 4496; x_wconf 81' lang='lat' dir='ltr'>fuisse’</span> 
     </span>
    </p>
   </div>
   <div class='ocr_carea' id='block_1_9' title="bbox 0 0 1655 5050">
    <p class='ocr_par' dir='ltr' id='par_1_10' title="bbox 0 0 1655 5050">
     <span class='ocr_line' id='line_1_41' title="bbox 0 0 1655 5050; baseline 0 0"><span class='ocrx_word' id='word_1_378' title='bbox 0 0 1655 5050; x_wconf 95' lang='lat' dir='ltr'> </span> 
     </span>
    </p>
   </div>
  </div>
 </body>
</html>
