3212 5042
318 399 360 465 30
767 422 1013 466 rnoneeouexu.

320 610 395 652 mus.
428 591 613 670 Quamquam
637 590 778 652 audacter
801 599 906 652 novata
929 590 966 652 ab
989 591 1055 652 aliis
1071 610 1185 652 summa
1202 592 1410 664 admiratione,
1435 593 1471 656 ab

320 692 385 752 aliis
408 695 433 754 si
456 712 516 756 non
539 693 776 772 reprehensione
805 693 909 770 digna,
941 701 971 755 at
999 700 1081 754 certe
1109 712 1168 756 non
1197 695 1338 756 imitanda
1367 695 1473 758 haberi

318 802 453 873 possunt.

404 895 463 956 Sed
495 915 533 958 ue
561 898 674 976 apertis
709 883 830 974 quidem
858 905 1124 958 commentatorum
1152 899 1332 960 testimoniis
1361 899 1472 980 ubique

319 997 392 1059 tides
414 997 550 1060 habenda
574 1007 634 1060 est:
658 1005 823 1078 potnerunt
838 1001 918 1060 enim
934 998 977 1059 illi
993 1017 1111 1080 qnoque
1127 1009 1267 1080 corrupta
1291 1002 1472 1082 exemplaris

319 1102 529 1180 subscriptum
546 1100 615 1161 lalli.
641 1100 725 1172 Quod
741 1103 772 1161 in
787 1083 955 1179 antiquiore
971 1120 1075 1162 versus
1086 1103 1098 1162 Ι
1109 1099 1151 1163 69
1163 1103 1260 1164 lurma
1274 1105 1467 1166 memoranda

319 1202 463 1264 accidisse
485 1202 662 1264 scholiastae
683 1203 844 1264 c'onicienti
868 1203 1063 1284 Peerlkampu
1085 1204 1103 1264 Ι.
1127 1204 1148 1265 Ι.
1170 1224 1200 1284 p.
1224 1201 1286 1266 119
1308 1205 1469 1274 adsentior.

406 1307 542 1366 Certiora
564 1308 766 1367 secundarum
788 1323 933 1366 cararum
955 1308 1077 1385 vestigia
1104 1308 1135 1368 in
1157 1309 1230 1387 ipsis
1253 1307 1338 1369 libris
1361 1310 1471 1370 nostris

320 1407 598 1488 deprehenduntur.
648 1408 690 1468 Ex
715 1407 824 1487 quibus
846 1409 875 1468 R
896 1412 1029 1488 priorem
1057 1408 1217 1471 lectionem
1246 1414 1373 1471 maturis
1399 1411 1470 1484 sru-

291 1515 293 1520 '
317 1513 404 1585 gidus
440 1509 520 1571 solus
553 1512 678 1585 serravit
700 1510 713 1570 Ι
735 1507 791 1581 66,
824 1512 918 1591 ipsius
951 1519 1057 1590 poetae
1090 1530 1180 1572 manu
1211 1511 1410 1582 ‘adiectum’,
1440 1522 1469 1572 ut

322 1613 442 1674 Servius
464 1615 514 1680 ait,
548 1616 674 1674 moturas
695 1615 804 1674 solibus
827 1616 896 1692 MP,
930 1615 1001 1673 item
1027 1616 1056 1674 R
1078 1632 1145 1674 cum
1161 1615 1249 1675 Min
1274 1613 1310 1674 lV
1336 1612 1399 1676 231
1425 1617 1471 1690 se·

321 1725 369 1776 tus
406 1716 539 1795 priorem
574 1716 768 1795 scripturam,
800 1733 856 1794 pro
885 1734 943 1794 qua
978 1702 1167 1776 emendatum
1203 1721 1296 1792 flores
1328 1718 1359 1778 in
1386 1717 1470 1778 Pala·

262 1837 264 1842 ·
321 1820 383 1878 tino
405 1817 469 1878 solo
498 1824 585 1876 extat.
637 1817 814 1897 Conspirant
837 1819 926 1878 MPR
958 1819 988 1878 in
1017 1819 1181 1880 emendatis
1213 1818 1395 1880 lectionibus
1427 1823 1470 1880 Iu-

223 1947 226 1954 ·
320 1916 479 1981 rainald
502 1926 532 1979 et
552 1936 655 1995 equom
677 1920 689 1979 Ι
714 1917 763 1981 13.
802 1919 936 2006 Denique
963 1938 1024 1980 non
1046 1929 1106 1980 tam
1128 1921 1220 1999 ipsius
1246 1930 1353 2000 poetae
1382 1938 1469 2000 quam

321 2024 497 2086 recentioris
519 2023 699 2083 correctoris
721 2039 842 2082 manum
864 2030 1091 2101 repraesentare
1113 2023 1228 2084 videtur
1252 2023 1331 2102 quod
1354 2025 1419 2086 MR
1442 2034 1470 2084 et

326 2127 439 2187 Nonius
461 2127 493 2186 in
515 2121 619 2184 11344
642 2123 784 2184 exhibent
805 2127 1002 2200 coloremque,
1025 2143 1081 2204 pro
1105 2142 1164 2202 qno
1180 2127 1379 2202 antiquiorem
1394 2135 1470 2200 teste

322 2228 507 2308 Philargyrio
529 2226 687 2286 lectionem
709 2229 851 2300 calorque
873 2228 902 2284 P
920 2229 1055 2287 serravit.
1087 2229 1189 2305 Atque
1211 2229 1241 2286 in
1264 2229 1374 2288 ceteris
1397 2245 1468 2306 quo-

321 2349 378 2410 que
400 2330 482 2400 locis,
506 2327 557 2388 ubi
579 2329 616 2390 de
638 2327 763 2406 singulis
785 2327 936 2389 vocabulis
958 2329 1129 2408 discrepant
1150 2338 1240 2390 testes
1262 2332 1358 2392 nostri
1381 2330 1470 2410 (velut

321 2433 332 2492 Ι
360 2429 431 2492 226.
455 2428 527 2492 327.
565 2431 591 2490 ΙΙ
613 2427 686 2490 294.
716 2427 789 2491 542.
836 2430 882 2490 ΙΙΙ·
901 2426 973 2491 310.
1011 2430 1065 2491 llll
1088 2427 1158 2492 125.
1192 2430 1262 2494 173.
1292 2429 1365 2493 217.
1393 2429 1467 2494 239.

320 2533 392 2594 319.
408 2530 482 2594 443.
499 2530 584 2610 569),
608 2551 718 2612 anceps
734 2533 876 2594 iudicium
893 2541 946 2602 est,
970 2540 1001 2592 ut
1015 2535 1111 2612 possit
1125 2552 1180 2613 per
1202 2553 1234 2595 se
1249 2535 1341 2614 ipsius
1363 2524 1470 2614 poetae

321 2646 448 2716 utraque
472 2655 579 2696 manus
602 2653 679 2704 esse,
704 2644 840 2696 neutram
863 2642 962 2696 tamen
985 2654 1021 2695 ex
1042 2635 1265 2714 interpolatoris
1288 2637 1334 2696 vel
1355 2636 1469 2715 glossa-

323 2741 415 2809 toriS,
449 2737 544 2818 qualis
565 2740 596 2798 in
625 2735 711 2798 173.
731 2734 801 2797 106.
817 2734 890 2798 203.
907 2734 971 2798 335
998 2737 1024 2796 ΙΙ
1048 2735 1119 2798 194.
1142 2735 1215 2798 295.
1238 2735 1302 2799 296
1333 2739 1373 2800 ΙΙΙ
1394 2737 1468 2800 545.

322 2842 376 2902 llll
391 2838 442 2901 69.
459 2839 520 2902 331
544 2841 723 2918 agnoscitur,
747 2841 867 2918 ingenio
890 2849 988 2900 ortam
1012 2859 1077 2902 esse
1099 2843 1276 2902 necessitate
1299 2840 1345 2902 vel
1367 2853 1468 2904 aucto·

320 2946 407 3004 ritate
430 2943 511 3005 nulla
534 2944 695 3004 evincatur.

378 3076 380 3080 v
406 3049 502 3124 Atque
525 3047 691 3106 universam
716 3045 836 3122 quidem
859 3047 1022 3106 memoriae
1046 3044 1231 3123 Vergilianas
1259 3055 1397 3107 naturam
1420 3067 1468 3108 rc·

322 3151 461 3230 spicienti
483 3148 670 3229 probabilius
693 3167 764 3208 sane
787 3147 950 3218 videbitur,
973 3149 1133 3226 georgicon
1156 3151 1274 3227 quoque
1297 3149 1417 3210 codices
1439 3159 1469 3210 et

236 3235 239 3240 ¹
323 3261 445 3316 nostrus
468 3253 571 3330 etqui
596 3250 758 3312 versiculos
780 3250 849 3310 inde
879 3258 1094 3329 excerpserunt
1127 3253 1306 3330 scriptorum
1334 3259 1468 3313 veterum

321 3357 357 3416 nd
381 3355 468 3417 sidem
492 3355 591 3415 redire
616 3353 694 3414 Varii
717 3361 747 3414 et
768 3353 893 3422 'luccae
926 3370 1003 3438 quos¹
1021 3352 1199 3432 plerumque
1227 3354 1305 3432 quod
1329 3355 1468 3416 secundis

323 3461 403 3519 curis
426 3465 594 3518 correctum
617 3455 779 3532 reliquerat
804 3463 892 3534 poeta
920 3455 1140 3530 edidisse,‚hic
1167 3455 1229 3516 illic
1258 3455 1303 3516 vel
1331 3457 1468 3518 consulto

322 3559 487 3638 neglexisse
511 3559 556 3620 vel
580 3557 797 3619 oblitteravisse
819 3558 935 3618 incuria
957 3566 1008 3618 aut
1030 3577 1132 3620 errore
1156 3566 1389 3620 consentaneum
1412 3570 1466 3622 est.

320 3671 361 3726 Ac
383 3662 450 3724 talia
474 3664 602 3722 tortasse
625 3660 743 3722 Celsum
766 3661 955 3739 castigarisse
978 3679 1015 3722 ex
1036 3659 1212 3740 Philargyrii
1234 3661 1270 3722 ad
1293 3679 1339 3740 ge.
1363 3659 1468 3723 11332

323 3766 513 3827 adnotatione
536 3783 626 3844 snpra
649 3770 879 3826 commemorata
902 3762 1032 3842 colligas.

408 3869 467 3930 Sed
490 3870 612 3929 omnino
635 3867 780 3930 secundas
803 3866 868 3928 illas
892 3874 997 3946 poetae
1025 3885 1113 3928 curas
1142 3886 1202 3928 non
1230 3869 1261 3928 in
1289 3867 1467 3948 syllabarum

322 3983 434 4036 tautum
459 3972 690 4050 sucularumque
712 3971 842 4032 llosculis
865 3969 1045 4032 adornandis
1068 3979 1213 4052 versatas,
1236 3971 1288 4031 sed
1311 3974 1341 4032 in
1363 3992 1466 4034 rerum

322 4096 440 4156 qnoque
469 4078 657 4138 enarratione
685 4093 759 4136 nova
787 4075 832 4135 vel
860 4074 996 4136 intulisse
1024 4073 1070 4134 vel
1097 4093 1153 4154 pro
1183 4073 1247 4134 aliis
1277 4073 1467 4136 substituisse

321 4183 386 4261 ipso
402 4181 496 4241 Servii
519 4179 555 4240 de
579 4179 655 4240 Galli
676 4178 814 4240 laudibus
830 4178 942 4257 Orphei
965 4177 1064 4239 sabula
1087 4179 1204 4240 mutatis
1226 4179 1395 4240 testimonio
1415 4181 1465 4239 tir·

323 4293 429 4346 mauu.
475 4284 510 4344 Et
533 4285 671 4363 quoniam
695 4284 793 4362 ipsum
815 4285 924 4344 iterum
946 4285 1084 4361 georgica
1111 4290 1230 4362 poetam
1255 4282 1383 4343 edidisse
1406 4291 1465 4344 tro·

322 4389 416 4450 ditum
433 4405 492 4467 uon
510 4396 562 4455 est,
580 4389 671 4448 immo
688 4389 755 4464 quid
779 4387 955 4466 reliquisset,
980 4387 1120 4449 adhibitis
1136 4384 1357 4466 exemplaribus
1373 4388 1467 4466 ipsius

322 4511 409 4556 mann
433 4491 596 4555 emendatis
626 4492 837 4576 explorandum
868 4504 928 4556 erut
954 4515 969 4554 a
993 4497 1116 4566 criticis,
1145 4493 1240 4557 lacilis
1263 4493 1389 4574 suspitio
1412 4501 1466 4566 est,
