3276 5050
327 395 390 462 100
772 415 1018 460 rnonaoosaaurt.

410 585 632 667 Iniquissimum
656 584 785 665 denique
801 584 857 644 fuit
873 586 915 645 M.
939 567 1080 661 Vipsania·
1093 583 1251 664 dictum*),
1276 604 1364 665 quem
1380 589 1474 650 miror

325 687 551 768 Bernhardyum
575 689 604 749 iu
630 686 699 748 bist.
724 685 779 748 litt.
791 685 876 747 Rom.
901 675 1000 747 adnot.
1027 684 1096 757 lll,
1120 695 1275 767 postquam
1298 690 1369 750 satis
1391 697 1473 751 reete

329 809 364 852 ea
387 790 424 851 de
447 809 481 851 re
504 786 691 852 Weicbertus
712 794 806 870 poelt.
830 788 905 850 Latt.
929 787 994 849 rell.
1018 808 1049 868 p.
1071 784 1135 850 275
1157 789 1325 868 disputavit,
1350 811 1365 852 a
1389 793 1473 854 nobi-

325 892 437 962 lissimo
466 893 505 953 M.
535 892 674 972 Vipsania
702 892 831 970 Agrippa
864 889 959 971 probe
988 889 1132 970 distingui
1159 891 1276 954 iubere.
1334 894 1390 966 Qui
1419 897 1474 956 etsi

325 996 503 1056 ‘rusticitati
530 981 669 1074 propior·
684 1011 771 1073 quarn
800 991 931 1053 deliciis'
955 991 1052 1054 Plinio
1075 1012 1103 1054 n.
1128 993 1157 1054 b.
1181 994 1284 1055 XXXV
1306 993 1335 1066 4,
1360 995 1380 1057 9
1403 996 1474 1058 dici·

325 1103 391 1167 tur,
420 1103 520 1157 tamen
543 1103 576 1156 ut
598 1095 648 1173 qui
670 1094 784 1156 Horatii
806 1095 938 1155 carmine
965 1093 1069 1156 laudes
1092 1112 1165 1157 suas
1184 1096 1331 1162 celebrem
1352 1107 1476 1178 cuperet

325 1199 374 1279 (cf.
397 1198 468 1260 llor.
495 1213 585 1260 carm.
609 1197 623 1258 Ι
644 1194 674 1277 6)
698 1215 758 1258 non
780 1205 841 1258 tam
864 1215 879 1257 a
902 1195 996 1258 Musis
1018 1195 1134 1258 alienus
1157 1207 1229 1268 erat,
1257 1209 1370 1262 utnon
1393 1201 1473 1272 llae-

326 1301 438 1362 cenatis
461 1299 646 1361 calamistros
669 1300 764 1360 virum
786 1297 866 1360 bello
890 1306 919 1359 et
940 1300 1059 1376 negotio
1082 1306 1183 1361 natum
1206 1302 1310 1362 risisse
1332 1301 1474 1363 credibile

325 1404 373 1463 sit.
429 1401 488 1464 Sed
513 1402 640 1474 eundern
668 1419 728 1463 non
757 1402 856 1462 minus
883 1398 971 1462 facile
1000 1401 1156 1464 credemus
1185 1405 1246 1464 sive
1276 1404 1477 1483 malignorum

326 1505 481 1566 hominurn
503 1504 590 1565 dictis
612 1505 715 1583 inponi
737 1503 794 1564 sibi
814 1521 937 1582 passum
965 1505 1026 1565 sive
1056 1504 1205 1566 simultate
1236 1507 1364 1584 quandam
1395 1507 1475 1567 inter

325 1608 425 1687 ipsunt
448 1613 478 1668 et
499 1607 699 1668 Maecenatem
723 1606 845 1684 eiusque
868 1603 1029 1667 familiares
1051 1613 1116 1668 orta
1131 1605 1189 1685 ¹(cf.
1206 1607 1261 1668 llio
1282 1605 1334 1678 54,
1357 1603 1387 1684 6)
1412 1609 1474 1668 sire

326 1727 380 1788 per
403 1710 476 1770 rarii
499 1709 648 1769 sermonis
669 1709 833 1768 iocationes
855 1726 961 1768 novam
984 1707 1085 1769 multis
1107 1709 1278 1772 nansinibus
1298 1709 1473 1771 inauditam-

326 1827 384 1889 que
406 1810 529 1890 Vergilii
562 1817 656 1872 artem
690 1808 794 1870 eadem
827 1807 928 1870 iudicii
961 1812 1157 1889 perversitate
1184 1811 1386 1882 alamnavlsse,
1416 1825 1474 1890 qua

326 1913 475 1976 doctiores
498 1932 534 1974 eo
556 1912 774 1974 obtrectatores
797 1911 1022 1974 damnaverunt.
1163 1915 1167 1918 ’

412 2033 551 2095 Ceterum
573 2033 605 2093 in
626 2032 828 2094 Maecenatem
856 2033 951 2109 magis
980 2049 1069 2110 quam
1097 2034 1128 2094 in
1152 2031 1311 2112 Vergilium
1342 2035 1475 2095 invectus
1564 2104 1566 2109 ¹

329 2143 384 2206 est,
409 2154 478 2197 cum
500 2151 648 2202 summum
671 2133 835 2194 cacozeliae
857 2133 999 2194 artificem
1024 2141 1053 2194 et
1075 2141 1227 2196 auctorem
1251 2138 1475 2198 ceteris'omni-

327 2236 383 2298 bus
407 2236 526 2316 quidem
549 2238 613 2298 eius
636 2235 806 2324 generibus,
830 2237 891 2296 sire
907 2243 1024 2296 tumore
1045 2239 1107 2298 sive
1123 2237 1252 2300 exilitate
1275 2241 1474 2308 eontinentur,

241 2331 243 2335 ⁴
327 2341 523 2410 satisfecisse,
556 2340 609 2399 uni
640 2347 740 2400 tamen
771 2356 807 2398 ex
835 2337 1042 2398 communibus
1070 2337 1170 2399 verbis
1198 2342 1362 2420 composito
1385 2347 1475 2416 atque

326 2442 394 2503 ideo
416 2441 519 2502 latenti
548 2441 628 2520 quod
662 2447 691 2501 et
718 2441 782 2520 ipse
810 2441 974 2519 reperisset
1003 2441 1138 2518 inparem
1167 2460 1199 2503 se
1228 2443 1358 2504 sensisse
1388 2443 1475 2518 eique

329 2535 473 2604 vicariurn
496 2544 690 2622 supposuisse
706 2539 869 2620 Vergilium
884 2541 1043 2602 dictitaret.
1073 2532 1269 2622 Κακόζηλον
1291 2552 1388 2605 autem
1405 2543 1475 2621 quid

326 2648 366 2708 sit
387 2645 455 2706 vide
478 2643 558 2725 apud
574 2642 790 2716 Quintilianum
812 2642 875 2704 Vlll
890 2641 921 2713 3,
944 2639 986 2704 56
1001 2662 1065 2724 sqq.
1091 2625 1121 2705 et
1142 2641 1171 2714 6,
1194 2641 1237 2706 74
1259 2654 1289 2706 et
1303 2645 1474 2708 Diomedem

327 2765 354 2826 p.
377 2743 439 2808 451
463 2746 498 2808 ll.
543 2745 724 2808 Maecenatis
746 2745 783 2806 de
806 2739 985 2822 quibusdan
1008 2743 1149 2808 Aeneidis
1179 2746 1252 2809 locis
1274 2747 1381 2809 ludlcia
1404 2746 1473 2808 sub·

326 2849 388 2911 tilia
411 2856 514 2911 narrat
537 2849 650 2911 Seneca
673 2867 752 2910 suae.
775 2866 804 2926 p.
829 2842 859 2917 6,
882 2842 924 2907 22
947 2865 1011 2928 sqq.
1037 2846 1097 2928 (17,
1121 2846 1183 2912 262
1205 2847 1256 2918 21,
1281 2846 1310 2929 9)
1334 2851 1367 2912 Β.

416 2970 525 3030 Contra
553 2969 608 3030 bos
636 2971 726 3048 igitur
755 2988 859 3030 omnes
887 2988 946 3030 non
979 2977 1073 3030 artem
1110 2965 1388 3046 tantumVergilii,
1423 2967 1475 3028 sed

327 3090 428 3133 mores
458 3072 545 3132 etiarn
575 3069 709 3132 defendit
732 3071 766 3143 Q.
789 3073 936 3133 Asconius
955 3071 1109 3132 Pedianus
1131 3065 1208 3131 libro
1230 3077 1334 3131 contra
1357 3069 1475 3130 obtrec-

294 3215 297 3224 -
326 3181 439 3236 latores
462 3174 582 3252 scripto,
606 3191 677 3234 usus
699 3174 730 3234 ni
745 3172 833 3234 fallor
848 3175 900 3244 eis,
924 3191 1000 3253 quae
1015 3173 1103 3232 amici
1119 3169 1338 3251 familiaresque
1353 3181 1472 3251 poetae,

328 3277 442 3345 Variae,
465 3273 612 3344 Melissus,
637 3273 686 3335 alii
707 3276 834 3336 fortasse
857 3274 894 3335 de
917 3276 1036 3354 ingenio
1060 3272 1255 3351 moribusque
1278 3274 1342 3334 eius
1358 3291 1475 3334 memn-

327 3378 390 3439 riae
417 3375 611 3438 tradiderant.
665 3375 702 3436 Et
730 3395 829 3437 mores
860 3377 911 3455 qui
940 3375 1146 3455 exagitabant,
1178 3374 1319 3438 sidentur
1347 3377 1476 3437 maxime

327 3497 445 3540 amores
467 3485 575 3558 poetae
590 3479 814 3556 perstrinxisse.
853 3476 926 3537 lnde
943 3476 1083 3556 estquod
1106 3479 1137 3537 in
1159 3495 1271 3558 pueros
1293 3479 1475 3558 pronior**)

327 3580 421 3641 fuisse
446 3587 475 3641 et
497 3579 626 3640 maxime
648 3578 858 3649 Alexandrum,
883 3577 1026 3640 Pollionis
1048 3597 1177 3650 servum,
1202 3587 1231 3640 et
1246 3579 1384 3642 Cebetem
1409 3598 1475 3642 cum

328 3681 414 3743 Leria
442 3679 559 3762 puella,
594 3699 669 3761 quos
697 3700 712 3744 a
742 3681 913 3743 Maecenate
941 3683 1103 3762 acceperit,
1137 3700 1193 3743 nec
1221 3700 1281 3743 non
1309 3683 1474 3760 Antigonen

395 4019 423 4088 *J
441 4021 493 4076 ‘bf
517 4021 668 4087 Vipsanius
689 4039 707 4074 a
729 4019 896 4076 Maecenate
922 3999 991 4078 anm·
1006 4018 1175 4092 suppositum
1200 4022 1363 4092 appellabat
1385 4035 1473 4076 norea

328 4106 489 4158 cacozeliae
508 4111 675 4174 repertorem
694 4123 748 4159 non
767 4110 888 4160 tumidae
901 4125 953 4162 nec
967 4111 1054 4171 exilis,
1073 4111 1121 4161 sed
1135 4127 1168 4161 ex
1181 4111 1368 4162 communibus
1380 4111 1473 4162 verbis

219 4249 221 4254 ,
328 4195 412 4256 atque
431 4190 493 4242 ideo
512 4189 642 4244 latentis’
661 4191 809 4244 Suetonius
828 4195 846 4248 l.
864 4193 884 4245 l.

379 4290 426 4359 **)
445 4291 532 4344 Cuius
550 4292 677 4345 libidinis
695 4310 798 4346 memor
814 4295 957 4348 Iuvenalis
975 4296 1027 4348 VII
1045 4298 1077 4348 67
1096 4295 1169 4364 (69)ε

531 4384 611 4432 ‘nam
629 4379 653 4430 si
670 4380 795 4448 Vergilio
812 4396 881 4448 puer
899 4385 927 4432 et
944 4381 1091 4433 tolerabile
1109 4382 1202 4434 desset

530 4464 693 4534 hospitium,
713 4465 845 4518 caderent
862 4482 956 4518 omnes
975 4483 992 4518 u
1010 4467 1129 4518 crinibus
1147 4467 1242 4534 hydri’
1262 4484 1285 4522 e.
1299 4486 1324 4536 q.
1337 4483 1359 4522 a.
