3212 5042
312 415 356 482 34
760 439 1003 484 peonnaounnn.

312 607 371 676 dis,
406 601 439 667 dt
466 606 595 668 bominis
623 606 791 687 exemplum
823 617 966 686 sequatur
994 609 1140 688 pecudum
1169 608 1303 679 turbam,
1341 629 1457 671 mecum

312 710 402 768 sentit
424 709 554 770 Batavus
578 710 786 788 sagacissimus
813 729 843 789 p.
866 707 938 772 382.

399 812 510 883 Quarti
530 811 598 872 libri
621 813 706 872 initio
729 811 800 873 inde
823 831 838 872 a
862 829 888 872 v.
913 809 1017 873 8-17
1041 815 1213 892 exponitur,
1242 815 1273 874 in
1301 813 1372 874 sede
1396 816 1458 894 api·

312 912 369 974 bus
393 913 526 991 eligenda
550 931 625 991 quae
648 915 746 974 caveri
767 913 905 982 debeant,
935 921 998 975 tum
1023 911 1167 992 (18-32)
1192 932 1268 992 quae
1292 915 1457 996 expetenda

311 1017 379 1084 sint,
403 1023 472 1094 post
495 1012 641 1094 (33-46)
665 1015 701 1076 de
724 1015 915 1076 aedificandis
937 1015 1081 1077 alveariis.
1126 1016 1212 1078 Unde
1227 1025 1458 1078 consentaneum

286 1109 364 1184 ”est
389 1135 463 1194 qnae
487 1136 566 1178 nunc
589 1117 729 1195 leguntur
751 1136 777 1178 v.
792 1114 921 1178 47-50
942 1117 979 1178 de
1002 1117 1106 1197 procul
1128 1118 1266 1179 habendo
1289 1121 1350 1180 acri
1366 1119 1459 1180 odore

292 1218 356 1304 'vel
379 1237 453 1279 sono
476 1220 588 1280 rectius
610 1237 700 1298 supra
724 1226 791 1298 post
813 1225 917 1279 ventos
941 1227 970 1279 et
998 1221 1117 1298 peeoris
1139 1237 1234 1296 genus
1255 1239 1343 1282 omne
1365 1239 1459 1299 usque

311 1320 347 1379 ad
373 1340 399 1380 v.
426 1319 463 1382 17
488 1329 693 1381 enumeratum
722 1320 885 1381 adferenda
912 1322 1013 1381 luisse.
1066 1321 1150 1392 Quod
1181 1323 1268 1382 etiam
1299 1321 1458 1383 verborum

311 1421 440 1498 quadam
465 1424 666 1482 concinnitate
688 1421 811 1501 probari
833 1422 965 1483 videtur:
994 1440 1062 1482 nam
1091 1431 1123 1483 ut
1150 1427 1285 1503 opposita
1310 1423 1367 1484 sibi
1390 1432 1460 1484 sunt

312 1525 412 1584 absint
434 1543 460 1583 v.
488 1522 527 1584 13
550 1531 580 1583 et
602 1531 635 1584 ut
651 1570 657 1583 .
675 1569 681 1582 .
700 1571 707 1586 .
724 1527 826 1584 adsint
847 1542 872 1583 v.
900 1520 938 1584 18
961 1540 1022 1601 sq,
1050 1525 1089 1584 ita
1113 1525 1149 1584 ad
1171 1525 1260 1586 illud:
1291 1525 1409 1586 ‘absint
1431 1533 1458 1585 et

317 1628 388 1704 picti
412 1624 576 1702 squalentia
605 1633 688 1703 terga
717 1623 818 1686 lacerti
841 1626 1011 1702 pironibus
1032 1641 1052 1684 a
1073 1628 1214 1687 stabulis'
1238 1624 1288 1706 (13
1310 1627 1365 1706 sq.)
1395 1635 1461 1706 apte

312 1727 485 1805 adiungitur
508 1733 585 1788 ‘neat
603 1730 731 1803 propias
752 1731 836 1787 tectis
859 1733 958 1787 taxum
980 1730 1060 1786 sine'
1078 1723 1155 1807 (47);
1179 1728 1340 1789 bisantem
1365 1727 1459 1788 ‘altae

311 1847 369 1888 neu
392 1828 481 1888 crede
504 1828 623 1908 paludi’
646 1847 672 1888 v.
696 1823 737 1888 48
760 1829 909 1889 contraria
932 1835 1000 1888 sunt
1023 1847 1048 1888 v.
1074 1825 1113 1890 18
1136 1848 1179 1908 sq.
1203 1833 1250 1890 ‘at
1272 1829 1376 1908 liquidi
1392 1830 1458 1890 lon·

309 1937 356 1990 tes
379 1937 408 1990 et
430 1940 534 2008 stagna
558 1931 681 1991 virentia
705 1947 808 1990 musco
831 1929 928 1990 adsint
951 1937 980 1988 et
1003 1931 1100 1990 tenuis
1122 1931 1241 2008 lugiens
1256 1949 1310 2010 per
1325 1932 1459 2008 gramina

311 2034 412 2100 rivos',
437 2051 528 2111 porro
551 2051 607 2112 pro
630 2040 714 2109 toxo,
739 2030 817 2108 quod
833 2051 858 2091 v.
875 2029 916 2091 47
933 2032 1035 2092 obesse
1056 2050 1076 2090 u
1098 2035 1182 2092 tectis
1202 2031 1332 2101 iubetur,
1351 2035 1460 2108 palma

313 2142 342 2194 ct
363 2138 491 2195 oleaster
514 2151 590 2212 quae
613 2135 783 2194 inumbrant
804 2134 976 2194 vestibulum
1000 2152 1025 2192 v.
1049 2129 1375 2201 accommodantur:
1407 2134 1458 2194 de·

312 2237 404 2312 nique
434 2238 523 2297 vitato
553 2237 637 2296 caeni
666 2235 758 2295 odore
783 2234 819 2315 (r.
843 2231 895 2312 49)
924 2236 1040 2294 ‘casiae
1068 2234 1177 2295 virides
1207 2244 1236 2295 et
1264 2234 1374 2296 olentia
1403 2235 1460 2296 late

311 2336 442 2417 serpulla
466 2346 495 2398 et
517 2339 645 2415 graviter
667 2338 809 2416 spirantis
832 2337 916 2416 copia
940 2335 1096 2418 thymbrae
1120 2344 1149 2396 et
1170 2336 1308 2396 violaria'
1333 2355 1356 2396 v.
1375 2333 1459 2397 30-

311 2436 352 2499 32
374 2447 406 2498 ut
428 2438 566 2500 salutaria
588 2438 753 2499 laudantur.
805 2437 841 2497 Et
864 2425 939 2498 cum'
961 2435 1007 2497 bis
1034 2438 1167 2497 rationes
1196 2437 1337 2516 quasdam
1367 2439 1459 2499 inter-

310 2540 418 2599 cedere
448 2540 581 2600 versibus
609 2536 738 2600 47-50
766 2540 918 2618 perspexit
946 2538 1130 2600 Schraderus
1160 2555 1295 2616 quoque,
1327 2541 1377 2617 qui
1406 2558 1459 2600 eos

309 2649 377 2721 post
398 2643 496 2720 ipsum
519 2659 544 2701 v.
563 2639 604 2702 32
627 2640 766 2702 collocari
788 2639 889 2700 voluit.
935 2641 971 2700 nt
993 2642 1017 2700 si
1040 2639 1221 2700 Columellae
1244 2640 1284 2702 lX
1305 2638 1326 2699 5
1350 2641 1458 2702 ordine

309 2752 468 2823 praecepta
497 2761 550 2802 sna
578 2761 679 2804 serere
714 2741 856 2802 voluisset
889 2749 994 2821 poeta,
1029 2741 1133 2802 saltem
1168 2741 1296 2802 debebat
1330 2744 1457 2804 lortiore

310 2862 396 2921 quam
420 2847 514 2904 ‘neu’
536 2844 683 2924 particula
706 2842 877 2924 periculosa
899 2841 1062 2904 salutiferis
1085 2862 1246 2923 opponere.

395 2947 492 3026 lllnns
529 2946 686 3006 'commode
723 2946 816 3006 inseri
852 2952 980 3024 possunt
1016 2964 1092 3024 quae
1130 2944 1180 3004 ubi
1223 2963 1311 3024 apum
1349 2953 1457 3007 natura

310 3047 490 3108 describitur
519 3067 578 3108 non
608 3067 663 3109 suo
695 3047 760 3109 loeo
794 3049 890 3126 posita
926 3066 992 3112 esse
1024 3045 1157 3107 eiusdem
1191 3045 1350 3107 Schraderi
1385 3065 1455 3107 acu-

310 3169 378 3210 men
403 3150 483 3209 vidit.
534 3149 607 3210 Nam
635 3157 795 3229 postquam
817 3169 843 3209 v.
870 3145 1037 3209 191-196
1065 3155 1218 3209 narratum
1249 3155 1308 3215 est,
1349 3147 1458 3226 qulbus

309 3251 433 3312 candelis
456 3252 637 3332 inpendente
659 3251 758 3330 pluvia
783 3258 917 3321 utantur,
947 3251 1100 3327 sequentia
1131 3251 1161 3310 in
1193 3249 1325 3310 mirabili
1354 3267 1456 3311 earum

309 3353 424 3434 prolem
468 3373 503 3413 ex
542 3355 614 3432 ipsis
654 3352 775 3412 [loribus
815 3351 975 3429 herbisque
1019 3351 1178 3434 colligendi
1217 3352 1457 3432 procreandlque

310 3456 427 3514 ratione
460 3463 625 3514 versantur.
687 3453 756 3512 lnde
790 3460 820 3512 et
852 3471 952 3530 regem
992 3461 1021 3512 et
1052 3454 1146 3522 cives,
1180 3454 1250 3513 inde
1285 3460 1315 3512 et
1348 3453 1455 3514 domus

310 3564 339 3615 ct
368 3573 459 3632 regna
488 3561 595 3634 sponte
624 3556 696 3615 oriri
725 3551 923 3634 (llll—202).
977 3554 1041 3626 Ouo
1070 3555 1135 3615 lieri
1168 3562 1202 3615 ut
1234 3556 1368 3634 quamvis
1394 3557 1455 3615 sin·

239 3671 242 3678 ’
308 3657 394 3735 gulae
417 3659 523 3734 exigua
550 3659 608 3717 vita
636 3658 791 3726 fruantur,
824 3675 918 3735 genus
947 3664 1044 3716 tamen
1073 3658 1111 3716 sit
1138 3656 1306 3717 immortale
1340 3653 1456 3736 (206-

308 3755 389 3836 209).
428 3758 539 3836 Regem
563 3775 633 3820 vero
657 3777 773 3819 summa
795 3760 904 3838 pietate
928 3758 999 3818 eoli:
1024 3775 1060 3818 eo
1082 3757 1162 3818 salvo
1184 3757 1294 3820 salvam
1310 3777 1375 3818 esse
1391 3776 1464 3831 rem¹

311 3858 471 3936 publicam,
496 3862 605 3921 amisso
628 3859 687 3920 labi
710 3862 809 3921 omnia
832 3867 862 3920 et
883 3878 995 3939 susque
1017 3859 1114 3938 deque
1135 3859 1239 3921 baberi
1256 3856 1455 3940 tato-215),

310 3980 345 4020 eo
368 3959 489 4021 iubente
511 3963 605 4041 ipsam
630 3968 757 4023 mortem
779 3963 897 4024 fortiter
919 3959 1049 4022 tolerari.
1096 3962 1152 4022 Sed
1176 3963 1367 4041 interpositos
1390 3979 1455 4021 ver·

309 4081 359 4123 sus
380 4059 550 4126 203-205
572 4063 609 4124 de
632 4063 803 4124 discrimine
827 4066 912 4133 vitae,
937 4063 1015 4141 quod
1038 4067 1158 4125 ‘amore
1181 4064 1288 4125 llorum
1313 4073 1342 4124 et
1363 4079 1453 4141 gene-

310 4163 397 4223 randi
425 4162 519 4242 gloria
548 4164 664 4226 mellis’
693 4168 834 4227 incensae
861 4165 1001 4233 subeant,
1031 4166 1154 4226 luerunt
1176 4165 1295 4243 quidem
1324 4167 1375 4244 qui
1397 4164 1455 4224 boc

309 4267 525 4326 sententiarum
548 4285 626 4327 nexu
649 4271 802 4348 proposito
830 4287 897 4329 cum
921 4267 1024 4327 vicinis
1052 4267 1259 4329 conciliarent:
1294 4266 1456 4344 ‘colligunt

309 4385 380 4446 apes
401 4368 522 4444 generis
545 4369 795 4430 immortalitatem
820 4387 854 4428 ex
878 4369 1014 4438 lloribus,
1038 4371 1085 4430 oni
1108 4377 1189 4430 tanto
1212 4368 1310 4430 studio
1332 4385 1454 4446 operam

308 4467 387 4536 dant,
412 4477 503 4529 utne
526 4469 628 4530 ultima
652 4471 771 4546 quidem
795 4470 926 4549 pericula
950 4471 1145 4531 detractent’.
1177 4471 1239 4530 Nec
1261 4471 1383 4531 omnino
1399 4468 1454 4530 du·
