<?xml version="1.0" encoding="UTF-8"?>
<!DOCTYPE html PUBLIC "-//W3C//DTD XHTML 1.0 Transitional//EN"
    "http://www.w3.org/TR/xhtml1/DTD/xhtml1-transitional.dtd">
<html xmlns="http://www.w3.org/1999/xhtml" xml:lang="en" lang="en">
 <head>
  <title>
</title>
<meta http-equiv="Content-Type" content="text/html;charset=utf-8" />
  <meta name='ocr-system' content='tesseract 3.04.00' />
  <meta name='ocr-capabilities' content='ocr_page ocr_carea ocr_par ocr_line ocrx_word'/>
</head>
<body>
  <div class='ocr_page' id='page_1' title='image "./pvergilimaronis02ribbgoog_0015.png"; bbox 0 0 3212 5042; ppageno 0'>
   <div class='ocr_carea' id='block_1_1' title="bbox 306 400 973 446">
    <p class='ocr_par' dir='ltr' id='par_1_1' title="bbox 306 400 973 446">
     <span class='ocr_line' id='line_1_1' title="bbox 306 400 973 446; baseline -0.004 0"><span class='ocrx_word' id='word_1_1' title='bbox 306 400 344 446; x_wconf 88' lang='lat' dir='ltr'>vl</span> <span class='ocrx_word' id='word_1_2' title='bbox 788 402 973 446; x_wconf 73' lang='lat' dir='ltr'><strong>PRAEFATIO.</strong></span> 
     </span>
    </p>
   </div>
   <div class='ocr_carea' id='block_1_2' title="bbox 307 565 1533 3174">
    <p class='ocr_par' dir='ltr' id='par_1_2' title="bbox 307 565 1533 1560">
     <span class='ocr_line' id='line_1_2' title="bbox 393 565 1451 652; baseline 0 -22"><span class='ocrx_word' id='word_1_3' title='bbox 393 567 447 631; x_wconf 88' lang='lat' dir='ltr'>Ad</span> <span class='ocrx_word' id='word_1_4' title='bbox 469 566 615 652; x_wconf 89' lang='lat' dir='ltr'>prolegg.</span> <span class='ocrx_word' id='word_1_5' title='bbox 644 588 674 650; x_wconf 93' lang='lat' dir='ltr'>p.</span> <span class='ocrx_word' id='word_1_6' title='bbox 705 567 762 630; x_wconf 85' lang='lat'>99:</span> <span class='ocrx_word' id='word_1_7' title='bbox 807 565 1061 631; x_wconf 89' lang='lat' dir='ltr'>Antibucolicon</span> <span class='ocrx_word' id='word_1_8' title='bbox 1090 565 1216 629; x_wconf 88' lang='lat' dir='ltr'>auctori</span> <span class='ocrx_word' id='word_1_9' title='bbox 1243 587 1361 630; x_wconf 89' lang='lat' dir='ltr'>nomen</span> <span class='ocrx_word' id='word_1_10' title='bbox 1389 571 1451 630; x_wconf 88' lang='lat' dir='ltr'>Nn-</span> 
     </span>
     <span class='ocr_line' id='line_1_3' title="bbox 307 666 1452 754; baseline -0.003 -21"><span class='ocrx_word' id='word_1_11' title='bbox 307 674 443 733; x_wconf 78' lang='lat' dir='ltr'>mitort‘ns</span> <span class='ocrx_word' id='word_1_12' title='bbox 469 667 572 732; x_wconf 87' lang='lat' dir='ltr'>fuisse</span> <span class='ocrx_word' id='word_1_13' title='bbox 595 667 750 751; x_wconf 90' lang='lat' dir='ltr'>Hagenus</span> <span class='ocrx_word' id='word_1_14' title='bbox 779 690 907 754; x_wconf 88' lang='lat' dir='ltr'>quoque</span> <span class='ocrx_word' id='word_1_15' title='bbox 936 666 1136 751; x_wconf 90' lang='lat' dir='ltr'>suspicatur:</span> <span class='ocrx_word' id='word_1_16' title='bbox 1165 688 1242 729; x_wconf 91' lang='lat' dir='ltr'>nam</span> <span class='ocrx_word' id='word_1_17' title='bbox 1264 675 1297 730; x_wconf 91' lang='lat' dir='ltr'>et</span> <span class='ocrx_word' id='word_1_18' title='bbox 1317 667 1352 729; x_wconf 93' lang='lat' dir='ltr'>in</span> <span class='ocrx_word' id='word_1_19' title='bbox 1373 668 1452 730; x_wconf 91' lang='lat' dir='ltr'>Ber-</span> 
     </span>
     <span class='ocr_line' id='line_1_4' title="bbox 308 766 1450 854; baseline -0.002 -22"><span class='ocrx_word' id='word_1_20' title='bbox 308 769 402 833; x_wconf 89' lang='lat' dir='ltr'>nensi</span> <span class='ocrx_word' id='word_1_21' title='bbox 428 768 512 833; x_wconf 89' lang='lat' dir='ltr'>libro</span> <span class='ocrx_word' id='word_1_22' title='bbox 541 775 741 853; x_wconf 73' lang='lat' dir='ltr'>nominatoria</span> <span class='ocrx_word' id='word_1_23' title='bbox 768 769 913 854; x_wconf 90' lang='lat' dir='ltr'>(punctis</span> <span class='ocrx_word' id='word_1_24' title='bbox 936 790 979 830; x_wconf 91' lang='lat' dir='ltr'>m.</span> <span class='ocrx_word' id='word_1_25' title='bbox 1003 767 1039 846; x_wconf 80' lang='lat'>2,</span> <span class='ocrx_word' id='word_1_26' title='bbox 1069 766 1127 831; x_wconf 89' lang='lat' dir='ltr'>sed</span> <span class='ocrx_word' id='word_1_27' title='bbox 1155 789 1240 831; x_wconf 88' lang='lat' dir='ltr'>saec.</span> <span class='ocrx_word' id='word_1_28' title='bbox 1263 766 1298 830; x_wconf 99' lang='lat' dir='ltr'>X</span> <span class='ocrx_word' id='word_1_29' title='bbox 1320 767 1450 853; x_wconf 91' lang='lat' dir='ltr'>positis)</span> 
     </span>
     <span class='ocr_line' id='line_1_5' title="bbox 309 867 1452 957; baseline -0.005 -22"><span class='ocrx_word' id='word_1_30' title='bbox 309 880 423 935; x_wconf 82' lang='lat' dir='ltr'><strong>extare</strong></span> <span class='ocrx_word' id='word_1_31' title='bbox 446 879 479 934; x_wconf 92' lang='lat' dir='ltr'>et</span> <span class='ocrx_word' id='word_1_32' title='bbox 499 867 580 934; x_wconf 91' lang='lat' dir='ltr'>illud</span> <span class='ocrx_word' id='word_1_33' title='bbox 601 871 710 957; x_wconf 92' lang='lat' dir='ltr'>ipsum</span> <span class='ocrx_word' id='word_1_34' title='bbox 731 892 850 934; x_wconf 90' lang='lat' dir='ltr'>nomen</span> <span class='ocrx_word' id='word_1_35' title='bbox 871 869 905 933; x_wconf 93' lang='lat' dir='ltr'>in</span> <span class='ocrx_word' id='word_1_36' title='bbox 927 867 1134 953; x_wconf 86' lang='lat' dir='ltr'>Sangallensi</span> <span class='ocrx_word' id='word_1_37' title='bbox 1154 867 1332 953; x_wconf 87' lang='lat' dir='ltr'>archetypo</span> <span class='ocrx_word' id='word_1_38' title='bbox 1356 867 1452 932; x_wconf 86' lang='lat' dir='ltr'>certis</span> 
     </span>
     <span class='ocr_line' id='line_1_6' title="bbox 309 969 1452 1056; baseline -0.003 -22"><span class='ocrx_word' id='word_1_39' title='bbox 309 970 507 1056; x_wconf 91' lang='lat' dir='ltr'>quibusdam</span> <span class='ocrx_word' id='word_1_40' title='bbox 537 971 578 1035; x_wconf 92' lang='lat' dir='ltr'>de</span> <span class='ocrx_word' id='word_1_41' title='bbox 605 971 713 1035; x_wconf 89' lang='lat' dir='ltr'>causis</span> <span class='ocrx_word' id='word_1_42' title='bbox 743 970 849 1036; x_wconf 91' lang='lat' dir='ltr'>videri</span> <span class='ocrx_word' id='word_1_43' title='bbox 876 971 1036 1056; x_wconf 90' lang='lat' dir='ltr'>scriptum</span> <span class='ocrx_word' id='word_1_44' title='bbox 1063 970 1177 1034; x_wconf 85' lang='lat' dir='ltr'>fuisse.</span> <span class='ocrx_word' id='word_1_45' title='bbox 1222 969 1398 1033; x_wconf 87' lang='lat' dir='ltr'>Praeterea</span> <span class='ocrx_word' id='word_1_46' title='bbox 1419 969 1452 1031; x_wconf 88' lang='lat' dir='ltr'>in</span> 
     </span>
     <span class='ocr_line' id='line_1_7' title="bbox 309 1069 1493 1156; baseline 0.002 -22"><span class='ocrx_word' id='word_1_47' title='bbox 309 1071 486 1136; x_wconf 86' lang='lat' dir='ltr'>Pithoeano</span> <span class='ocrx_word' id='word_1_48' title='bbox 503 1095 588 1136; x_wconf 90' lang='lat' dir='ltr'>saec.</span> <span class='ocrx_word' id='word_1_49' title='bbox 604 1072 673 1154; x_wconf 92' lang='lat' dir='ltr'>IX,</span> <span class='ocrx_word' id='word_1_50' title='bbox 696 1073 789 1136; x_wconf 90' lang='lat' dir='ltr'>cuius</span> <span class='ocrx_word' id='word_1_51' title='bbox 811 1072 921 1135; x_wconf 86' lang='lat' dir='ltr'>varias</span> <span class='ocrx_word' id='word_1_52' title='bbox 943 1069 1097 1135; x_wconf 89' lang='lat' dir='ltr'>lectiones</span> <span class='ocrx_word' id='word_1_53' title='bbox 1118 1069 1304 1156; x_wconf 89' lang='lat' dir='ltr'>nuperrime</span> <span class='ocrx_word' id='word_1_54' title='bbox 1318 1069 1452 1134; x_wconf 86' lang='lat' dir='ltr'>Woelff-</span> <span class='ocrx_word' id='word_1_55' title='bbox 1487 1131 1493 1136; x_wconf 85' lang='lat'><em>.</em></span> 
     </span>
     <span class='ocr_line' id='line_1_8' title="bbox 311 1169 1452 1257; baseline -0.003 -22"><span class='ocrx_word' id='word_1_56' title='bbox 311 1173 396 1236; x_wconf 91' lang='lat' dir='ltr'>linus</span> <span class='ocrx_word' id='word_1_57' title='bbox 425 1173 459 1234; x_wconf 88' lang='lat' dir='ltr'>in</span> <span class='ocrx_word' id='word_1_58' title='bbox 485 1171 603 1237; x_wconf 92' lang='lat' dir='ltr'>Philol.</span> <span class='ocrx_word' id='word_1_59' title='bbox 627 1173 748 1237; x_wconf 86' lang='lat' dir='ltr'>XXIV</span> <span class='ocrx_word' id='word_1_60' title='bbox 774 1172 833 1236; x_wconf 87' lang='lat'>153</span> <span class='ocrx_word' id='word_1_61' title='bbox 856 1193 928 1257; x_wconf 90' lang='lat' dir='ltr'>sqq.</span> <span class='ocrx_word' id='word_1_62' title='bbox 956 1195 999 1236; x_wconf 88' lang='lat' dir='ltr'>ex</span> <span class='ocrx_word' id='word_1_63' title='bbox 1026 1171 1155 1236; x_wconf 87' lang='lat' dir='ltr'>schedis</span> <span class='ocrx_word' id='word_1_64' title='bbox 1182 1170 1343 1235; x_wconf 89' lang='lat' dir='ltr'>Ludovici</span> <span class='ocrx_word' id='word_1_65' title='bbox 1366 1169 1452 1234; x_wconf 88' lang='lat' dir='ltr'>Roth</span> 
     </span>
     <span class='ocr_line' id='line_1_9' title="bbox 311 1272 1452 1358; baseline -0.004 -21"><span class='ocrx_word' id='word_1_66' title='bbox 311 1273 416 1339; x_wconf 85' lang='lat' dir='ltr'>edidit</span> <span class='ocrx_word' id='word_1_67' title='bbox 437 1280 649 1338; x_wconf 73' lang='lat' dir='ltr'><em>nummulariis</em></span> <span class='ocrx_word' id='word_1_68' title='bbox 671 1282 776 1352; x_wconf 87' lang='lat' dir='ltr'>extat,</span> <span class='ocrx_word' id='word_1_69' title='bbox 800 1272 887 1357; x_wconf 92' lang='lat' dir='ltr'>quod</span> <span class='ocrx_word' id='word_1_70' title='bbox 910 1272 981 1357; x_wconf 87' lang='lat' dir='ltr'>ipse</span> <span class='ocrx_word' id='word_1_71' title='bbox 1003 1294 1131 1358; x_wconf 90' lang='lat' dir='ltr'>quoque</span> <span class='ocrx_word' id='word_1_72' title='bbox 1148 1275 1334 1336; x_wconf 81' lang='lat' dir='ltr'><strong><em>Numitorius</em></strong></span> <span class='ocrx_word' id='word_1_73' title='bbox 1354 1272 1452 1336; x_wconf 87' lang='lat' dir='ltr'>inter-</span> 
     </span>
     <span class='ocr_line' id='line_1_10' title="bbox 310 1372 1453 1460; baseline -0.001 -23"><span class='ocrx_word' id='word_1_74' title='bbox 310 1382 458 1460; x_wconf 89' lang='lat' dir='ltr'>pretatus</span> <span class='ocrx_word' id='word_1_75' title='bbox 482 1384 540 1438; x_wconf 92' lang='lat' dir='ltr'>est.</span> <span class='ocrx_word' id='word_1_76' title='bbox 628 1373 682 1438; x_wconf 91' lang='lat' dir='ltr'>Ad</span> <span class='ocrx_word' id='word_1_77' title='bbox 704 1373 848 1460; x_wconf 91' lang='lat' dir='ltr'>prolegg.</span> <span class='ocrx_word' id='word_1_78' title='bbox 872 1396 904 1459; x_wconf 90' lang='lat' dir='ltr'>p.</span> <span class='ocrx_word' id='word_1_79' title='bbox 922 1373 979 1436; x_wconf 87' lang='lat'>101</span> <span class='ocrx_word' id='word_1_80' title='bbox 1005 1373 1101 1436; x_wconf 87' lang='lat' dir='ltr'>docte</span> <span class='ocrx_word' id='word_1_81' title='bbox 1124 1383 1157 1438; x_wconf 92' lang='lat' dir='ltr'>et</span> <span class='ocrx_word' id='word_1_82' title='bbox 1178 1381 1273 1437; x_wconf 92' lang='lat' dir='ltr'>acute</span> <span class='ocrx_word' id='word_1_83' title='bbox 1295 1372 1453 1456; x_wconf 88' lang='lat' dir='ltr'>Hagenus</span> 
     </span>
     <span class='ocr_line' id='line_1_11' title="bbox 310 1473 1533 1560; baseline -0.002 -22"><span class='ocrx_word' id='word_1_84' title='bbox 310 1475 392 1540; x_wconf 90' lang='lat' dir='ltr'>baec</span> <span class='ocrx_word' id='word_1_85' title='bbox 414 1473 599 1557; x_wconf 80' lang='lat' dir='ltr'>adnotavit,</span> <span class='ocrx_word' id='word_1_86' title='bbox 630 1497 713 1560; x_wconf 90' lang='lat' dir='ltr'>quae</span> <span class='ocrx_word' id='word_1_87' title='bbox 735 1485 772 1540; x_wconf 91' lang='lat' dir='ltr'>ut</span> <span class='ocrx_word' id='word_1_88' title='bbox 793 1475 848 1538; x_wconf 88' lang='lat' dir='ltr'>hic</span> <span class='ocrx_word' id='word_1_89' title='bbox 869 1475 1047 1538; x_wconf 82' lang='lat' dir='ltr'>insererem</span> <span class='ocrx_word' id='word_1_90' title='bbox 1075 1473 1257 1538; x_wconf 81' lang='lat' dir='ltr'>liberaliter</span> <span class='ocrx_word' id='word_1_91' title='bbox 1287 1474 1451 1560; x_wconf 83' lang='lat' dir='ltr'>permisit:</span> <span class='ocrx_word' id='word_1_92' title='bbox 1531 1478 1533 1482; x_wconf 81' lang='grc'><strong>’</strong></span> 
     </span>
    </p>

    <p class='ocr_par' dir='ltr' id='par_1_3' title="bbox 310 1573 1459 3073">
     <span class='ocr_line' id='line_1_12' title="bbox 396 1573 1453 1659; baseline -0.002 -19"><span class='ocrx_word' id='word_1_93' title='bbox 396 1575 537 1641; x_wconf 77' lang='lat' dir='ltr'>‘Scholii</span> <span class='ocrx_word' id='word_1_94' title='bbox 559 1575 733 1640; x_wconf 91' lang='lat' dir='ltr'>Bernensis</span> <span class='ocrx_word' id='word_1_95' title='bbox 756 1575 799 1638; x_wconf 88' lang='lat' dir='ltr'>ad</span> <span class='ocrx_word' id='word_1_96' title='bbox 821 1575 881 1639; x_wconf 89' lang='lat' dir='ltr'>ecl.</span> <span class='ocrx_word' id='word_1_97' title='bbox 900 1575 962 1656; x_wconf 91' lang='lat' dir='ltr'>VI,</span> <span class='ocrx_word' id='word_1_98' title='bbox 977 1577 1014 1639; x_wconf 81' lang='lat'>17</span> <span class='ocrx_word' id='word_1_99' title='bbox 1039 1577 1257 1659; x_wconf 71' lang='lat' dir='ltr'>[‘Cantlrnrns,</span> <span class='ocrx_word' id='word_1_100' title='bbox 1280 1573 1453 1658; x_wconf 81' lang='lat' dir='ltr'>allegorice</span> 
     </span>
     <span class='ocr_line' id='line_1_13' title="bbox 311 1674 1453 1764; baseline -0.003 -23"><span class='ocrx_word' id='word_1_101' title='bbox 311 1677 444 1764; x_wconf 90' lang='lat' dir='ltr'>quidam</span> <span class='ocrx_word' id='word_1_102' title='bbox 459 1675 574 1741; x_wconf 89' lang='lat' dir='ltr'>uolunt</span> <span class='ocrx_word' id='word_1_103' title='bbox 591 1682 726 1740; x_wconf 68' lang='lat' dir='ltr'>Hiertam</span> <span class='ocrx_word' id='word_1_104' title='bbox 750 1678 858 1756; x_wconf 79' lang='lat' dir='ltr'>(terum</span> <span class='ocrx_word' id='word_1_105' title='bbox 870 1676 911 1762; x_wconf 91' lang='lat' dir='ltr'>B)</span> <span class='ocrx_word' id='word_1_106' title='bbox 934 1674 1073 1759; x_wconf 88' lang='lat' dir='ltr'>intelligi</span> <span class='ocrx_word' id='word_1_107' title='bbox 1094 1676 1172 1759; x_wconf 90' lang='lat' dir='ltr'>(om.</span> <span class='ocrx_word' id='word_1_108' title='bbox 1184 1676 1224 1757; x_wconf 93' lang='lat' dir='ltr'>B,</span> <span class='ocrx_word' id='word_1_109' title='bbox 1243 1675 1393 1761; x_wconf 88' lang='lat' dir='ltr'>supplev.</span> <span class='ocrx_word' id='word_1_110' title='bbox 1402 1675 1453 1758; x_wconf 86' lang='lat' dir='ltr'>M)</span> 
     </span>
     <span class='ocr_line' id='line_1_14' title="bbox 310 1775 1453 1863; baseline -0.003 -22"><span class='ocrx_word' id='word_1_111' title='bbox 310 1777 509 1842; x_wconf 81' lang='lat' dir='ltr'>Maecenatis</span> <span class='ocrx_word' id='word_1_112' title='bbox 527 1775 689 1857; x_wconf 81' lang='lat' dir='ltr'>ancillam,</span> <span class='ocrx_word' id='word_1_113' title='bbox 712 1799 796 1863; x_wconf 86' lang='lat' dir='ltr'>quae</span> <span class='ocrx_word' id='word_1_114' title='bbox 811 1777 931 1841; x_wconf 87' lang='lat' dir='ltr'>dicitur</span> <span class='ocrx_word' id='word_1_115' title='bbox 944 1777 1060 1840; x_wconf 86' lang='lat' dir='ltr'>uinosa</span> <span class='ocrx_word' id='word_1_116' title='bbox 1082 1777 1268 1860; x_wconf 87' lang='lat' dir='ltr'>(ingeniosa</span> <span class='ocrx_word' id='word_1_117' title='bbox 1282 1777 1325 1861; x_wconf 90' lang='lat' dir='ltr'>B)</span> <span class='ocrx_word' id='word_1_118' title='bbox 1341 1777 1453 1857; x_wconf 87' lang='lat' dir='ltr'>fuisse,</span> 
     </span>
     <span class='ocr_line' id='line_1_15' title="bbox 312 1877 1454 1964; baseline -0.002 -23"><span class='ocrx_word' id='word_1_119' title='bbox 312 1878 446 1964; x_wconf 91' lang='lat' dir='ltr'>quidam</span> <span class='ocrx_word' id='word_1_120' title='bbox 462 1878 541 1942; x_wconf 92' lang='lat' dir='ltr'>Vari</span> <span class='ocrx_word' id='word_1_121' title='bbox 564 1878 667 1962; x_wconf 88' lang='lat' dir='ltr'>(uarri</span> <span class='ocrx_word' id='word_1_122' title='bbox 682 1877 725 1962; x_wconf 85' lang='lat' dir='ltr'>B)</span> <span class='ocrx_word' id='word_1_123' title='bbox 749 1877 914 1960; x_wconf 89' lang='lat' dir='ltr'>amicam]&#39;</span> <span class='ocrx_word' id='word_1_124' title='bbox 937 1879 1094 1941; x_wconf 88' lang='lat' dir='ltr'>inmemor</span> <span class='ocrx_word' id='word_1_125' title='bbox 1116 1888 1187 1942; x_wconf 90' lang='lat' dir='ltr'>erat</span> <span class='ocrx_word' id='word_1_126' title='bbox 1209 1877 1360 1943; x_wconf 87' lang='lat' dir='ltr'>Ribbeck</span> <span class='ocrx_word' id='word_1_127' title='bbox 1382 1899 1454 1940; x_wconf 88' lang='lat' dir='ltr'>cnm</span> 
     </span>
     <span class='ocr_line' id='line_1_16' title="bbox 311 1976 1456 2065; baseline -0.001 -23"><span class='ocrx_word' id='word_1_128' title='bbox 311 1978 406 2065; x_wconf 86' lang='lat' dir='ltr'>proli.</span> <span class='ocrx_word' id='word_1_129' title='bbox 440 2001 472 2064; x_wconf 88' lang='lat' dir='ltr'>p.</span> <span class='ocrx_word' id='word_1_130' title='bbox 505 1978 563 2042; x_wconf 85' lang='lat'>101</span> <span class='ocrx_word' id='word_1_131' title='bbox 598 1976 740 2044; x_wconf 90' lang='lat' dir='ltr'>Plotiam</span> <span class='ocrx_word' id='word_1_132' title='bbox 770 1985 924 2042; x_wconf 82' lang='lat' dir='ltr'>Galeriam</span> <span class='ocrx_word' id='word_1_133' title='bbox 958 1977 1132 2061; x_wconf 89' lang='lat' dir='ltr'>legendum</span> <span class='ocrx_word' id='word_1_134' title='bbox 1167 2000 1238 2042; x_wconf 88' lang='lat' dir='ltr'>esse</span> <span class='ocrx_word' id='word_1_135' title='bbox 1272 1978 1456 2043; x_wconf 87' lang='lat' dir='ltr'>coniciebat</span> 
     </span>
     <span class='ocr_line' id='line_1_17' title="bbox 312 2068 1455 2166; baseline -0.002 -22"><span class='ocrx_word' id='word_1_136' title='bbox 312 2102 448 2166; x_wconf 88' lang='lat' dir='ltr'>eamque</span> <span class='ocrx_word' id='word_1_137' title='bbox 463 2080 502 2144; x_wconf 88' lang='lat' dir='ltr'>L.</span> <span class='ocrx_word' id='word_1_138' title='bbox 514 2078 608 2143; x_wconf 90' lang='lat' dir='ltr'>Varii</span> <span class='ocrx_word' id='word_1_139' title='bbox 629 2099 766 2142; x_wconf 87' lang='lat' dir='ltr'>uxorem</span> <span class='ocrx_word' id='word_1_140' title='bbox 788 2080 891 2144; x_wconf 89' lang='lat' dir='ltr'>fuisse</span> <span class='ocrx_word' id='word_1_141' title='bbox 914 2068 1153 2164; x_wconf 85' lang='lat' dir='ltr'>suspicabatur.</span> <span class='ocrx_word' id='word_1_142' title='bbox 1198 2079 1243 2144; x_wconf 95' lang='lat' dir='ltr'>Id.</span> <span class='ocrx_word' id='word_1_143' title='bbox 1260 2078 1345 2142; x_wconf 89' lang='lat' dir='ltr'>enim</span> <span class='ocrx_word' id='word_1_144' title='bbox 1367 2079 1455 2142; x_wconf 88' lang='lat' dir='ltr'>haud</span> 
     </span>
     <span class='ocr_line' id='line_1_18' title="bbox 313 2177 1456 2265; baseline -0.003 -19"><span class='ocrx_word' id='word_1_145' title='bbox 313 2182 412 2246; x_wconf 88' lang='lat' dir='ltr'>dubie</span> <span class='ocrx_word' id='word_1_146' title='bbox 434 2189 522 2245; x_wconf 90' lang='lat' dir='ltr'>recte</span> <span class='ocrx_word' id='word_1_147' title='bbox 543 2179 642 2260; x_wconf 89' lang='lat' dir='ltr'>vidit,</span> <span class='ocrx_word' id='word_1_148' title='bbox 666 2200 735 2243; x_wconf 90' lang='lat' dir='ltr'>rem</span> <span class='ocrx_word' id='word_1_149' title='bbox 758 2180 801 2244; x_wconf 85' lang='lat' dir='ltr'>ad</span> <span class='ocrx_word' id='word_1_150' title='bbox 823 2180 881 2244; x_wconf 91' lang='lat' dir='ltr'>ecl.</span> <span class='ocrx_word' id='word_1_151' title='bbox 899 2179 967 2261; x_wconf 92' lang='lat' dir='ltr'>III,</span> <span class='ocrx_word' id='word_1_152' title='bbox 989 2180 1032 2243; x_wconf 82' lang='lat'>20</span> <span class='ocrx_word' id='word_1_153' title='bbox 1053 2201 1073 2243; x_wconf 84' lang='lat' dir='ltr'>a</span> <span class='ocrx_word' id='word_1_154' title='bbox 1094 2180 1208 2245; x_wconf 85' lang='lat' dir='ltr'>Seruio</span> <span class='ocrx_word' id='word_1_155' title='bbox 1230 2177 1391 2265; x_wconf 84' lang='lat' dir='ltr'>prolatam</span> <span class='ocrx_word' id='word_1_156' title='bbox 1414 2177 1456 2242; x_wconf 93' lang='lat' dir='ltr'>de</span> 
     </span>
     <span class='ocr_line' id='line_1_19' title="bbox 313 2279 1456 2367; baseline -0.005 -19"><span class='ocrx_word' id='word_1_157' title='bbox 313 2284 394 2348; x_wconf 90' lang='lat' dir='ltr'>Vari</span> <span class='ocrx_word' id='word_1_158' title='bbox 415 2281 658 2366; x_wconf 89' lang='lat' dir='ltr'>tragoediarum</span> <span class='ocrx_word' id='word_1_159' title='bbox 681 2279 848 2366; x_wconf 88' lang='lat' dir='ltr'>scriptoris</span> <span class='ocrx_word' id='word_1_160' title='bbox 870 2302 973 2346; x_wconf 84' lang='lat' dir='ltr'>uxore</span> <span class='ocrx_word' id='word_1_161' title='bbox 989 2280 1092 2367; x_wconf 91' lang='lat' dir='ltr'>deque</span> <span class='ocrx_word' id='word_1_162' title='bbox 1108 2279 1268 2346; x_wconf 88' lang='lat' dir='ltr'>adulterio</span> <span class='ocrx_word' id='word_1_163' title='bbox 1283 2283 1369 2344; x_wconf 89' lang='lat' dir='ltr'>inter</span> <span class='ocrx_word' id='word_1_164' title='bbox 1384 2302 1456 2344; x_wconf 91' lang='lat' dir='ltr'>eam</span> 
     </span>
     <span class='ocr_line' id='line_1_20' title="bbox 315 2380 1457 2467; baseline -0.005 -19"><span class='ocrx_word' id='word_1_165' title='bbox 315 2382 534 2467; x_wconf 87' lang='lat' dir='ltr'>etVergilium</span> <span class='ocrx_word' id='word_1_166' title='bbox 556 2381 700 2446; x_wconf 77' lang='lat' dir='ltr'>exercito</span> <span class='ocrx_word' id='word_1_167' title='bbox 722 2380 827 2466; x_wconf 89' lang='lat' dir='ltr'>deque</span> <span class='ocrx_word' id='word_1_168' title='bbox 847 2381 1018 2465; x_wconf 81' lang='lat' dir='ltr'>tragoedia</span> <span class='ocrx_word' id='word_1_169' title='bbox 1035 2382 1205 2466; x_wconf 89' lang='lat' dir='ltr'>supposita</span> <span class='ocrx_word' id='word_1_170' title='bbox 1219 2381 1457 2446; x_wconf 90' lang='lat' dir='ltr'>adL.Varium</span> 
     </span>
     <span class='ocr_line' id='line_1_21' title="bbox 315 2479 1456 2567; baseline -0.003 -18"><span class='ocrx_word' id='word_1_171' title='bbox 315 2494 348 2550; x_wconf 93' lang='lat' dir='ltr'>et</span> <span class='ocrx_word' id='word_1_172' title='bbox 361 2484 501 2548; x_wconf 90' lang='lat' dir='ltr'>Plotiam</span> <span class='ocrx_word' id='word_1_173' title='bbox 515 2485 613 2546; x_wconf 89' lang='lat' dir='ltr'>istam</span> <span class='ocrx_word' id='word_1_174' title='bbox 628 2492 661 2546; x_wconf 91' lang='lat' dir='ltr'>et</span> <span class='ocrx_word' id='word_1_175' title='bbox 675 2481 842 2567; x_wconf 85' lang='lat' dir='ltr'>Thyesten</span> <span class='ocrx_word' id='word_1_176' title='bbox 857 2479 1003 2546; x_wconf 85' lang='lat' dir='ltr'>fabulam</span> <span class='ocrx_word' id='word_1_177' title='bbox 1025 2481 1126 2565; x_wconf 88' lang='lat' dir='ltr'>(conf.</span> <span class='ocrx_word' id='word_1_178' title='bbox 1143 2481 1243 2567; x_wconf 90' lang='lat' dir='ltr'>Verg.</span> <span class='ocrx_word' id='word_1_179' title='bbox 1259 2482 1319 2548; x_wconf 90' lang='lat' dir='ltr'>vit.</span> <span class='ocrx_word' id='word_1_180' title='bbox 1334 2482 1456 2546; x_wconf 87' lang='lat' dir='ltr'>Donat.</span> 
     </span>
     <span class='ocr_line' id='line_1_22' title="bbox 316 2582 1456 2670; baseline -0.001 -22"><span class='ocrx_word' id='word_1_181' title='bbox 316 2591 335 2667; x_wconf 69' lang='grc' dir='ltr'>ξ</span> <span class='ocrx_word' id='word_1_182' title='bbox 356 2585 411 2668; x_wconf 84' lang='grc'>81)</span> <span class='ocrx_word' id='word_1_183' title='bbox 440 2593 588 2670; x_wconf 88' lang='lat' dir='ltr'>spectare</span> <span class='ocrx_word' id='word_1_184' title='bbox 618 2582 816 2667; x_wconf 88' lang='lat' dir='ltr'>eandemque</span> <span class='ocrx_word' id='word_1_185' title='bbox 838 2605 908 2646; x_wconf 91' lang='lat' dir='ltr'>rem</span> <span class='ocrx_word' id='word_1_186' title='bbox 929 2582 1064 2648; x_wconf 89' lang='lat' dir='ltr'>mutatis</span> <span class='ocrx_word' id='word_1_187' title='bbox 1087 2584 1269 2665; x_wconf 83' lang='lat' dir='ltr'>mutandis,</span> <span class='ocrx_word' id='word_1_188' title='bbox 1297 2591 1334 2646; x_wconf 87' lang='lat' dir='ltr'>ut</span> <span class='ocrx_word' id='word_1_189' title='bbox 1356 2583 1456 2663; x_wconf 88' lang='lat' dir='ltr'>aiunt,</span> 
     </span>
     <span class='ocr_line' id='line_1_23' title="bbox 316 2683 1457 2768; baseline -0.004 -18"><span class='ocrx_word' id='word_1_190' title='bbox 316 2696 349 2750; x_wconf 93' lang='lat' dir='ltr'>et</span> <span class='ocrx_word' id='word_1_191' title='bbox 371 2707 391 2749; x_wconf 88' lang='lat' dir='ltr'>a</span> <span class='ocrx_word' id='word_1_192' title='bbox 413 2683 568 2750; x_wconf 86' lang='lat' dir='ltr'>Suetonio</span> <span class='ocrx_word' id='word_1_193' title='bbox 591 2684 626 2747; x_wconf 91' lang='lat' dir='ltr'>in</span> <span class='ocrx_word' id='word_1_194' title='bbox 653 2684 724 2748; x_wconf 90' lang='lat' dir='ltr'>vita</span> <span class='ocrx_word' id='word_1_195' title='bbox 746 2683 854 2767; x_wconf 81' lang='lat' dir='ltr'>tangi3</span> <span class='ocrx_word' id='word_1_196' title='bbox 883 2705 1021 2768; x_wconf 87' lang='lat' dir='ltr'>quocum</span> <span class='ocrx_word' id='word_1_197' title='bbox 1048 2683 1131 2749; x_wconf 91' lang='lat' dir='ltr'>bene</span> <span class='ocrx_word' id='word_1_198' title='bbox 1158 2685 1358 2750; x_wconf 88' lang='lat' dir='ltr'>conveniunt</span> <span class='ocrx_word' id='word_1_199' title='bbox 1379 2683 1457 2748; x_wconf 86' lang='lat' dir='ltr'>Sue·</span> 
     </span>
     <span class='ocr_line' id='line_1_24' title="bbox 316 2783 1459 2862; baseline -0.004 -11"><span class='ocrx_word' id='word_1_200' title='bbox 316 2786 397 2852; x_wconf 88' lang='lat' dir='ltr'>tonii</span> <span class='ocrx_word' id='word_1_201' title='bbox 427 2785 544 2849; x_wconf 89' lang='lat' dir='ltr'>uerba:</span> <span class='ocrx_word' id='word_1_202' title='bbox 582 2788 754 2862; x_wconf 63' lang='lat' dir='ltr'>‘adpotum</span> <span class='ocrx_word' id='word_1_203' title='bbox 789 2792 840 2848; x_wconf 90' lang='lat' dir='ltr'>est</span> <span class='ocrx_word' id='word_1_204' title='bbox 874 2805 1048 2848; x_wconf 87' lang='lat' dir='ltr'>consuesse</span> <span class='ocrx_word' id='word_1_205' title='bbox 1082 2807 1156 2849; x_wconf 90' lang='lat' dir='ltr'>eum</span> <span class='ocrx_word' id='word_1_206' title='bbox 1186 2795 1219 2850; x_wconf 93' lang='lat' dir='ltr'>et</span> <span class='ocrx_word' id='word_1_207' title='bbox 1247 2807 1321 2850; x_wconf 91' lang='lat' dir='ltr'>cum</span> <span class='ocrx_word' id='word_1_208' title='bbox 1350 2783 1459 2847; x_wconf 89' lang='lat' dir='ltr'>Plotia</span> 
     </span>
     <span class='ocr_line' id='line_1_25' title="bbox 316 2883 1459 2970; baseline -0.005 -18"><span class='ocrx_word' id='word_1_209' title='bbox 316 2887 455 2966; x_wconf 87' lang='lat' dir='ltr'>Hieria’,</span> <span class='ocrx_word' id='word_1_210' title='bbox 486 2885 578 2948; x_wconf 90' lang='lat' dir='ltr'>cuius</span> <span class='ocrx_word' id='word_1_211' title='bbox 606 2891 747 2962; x_wconf 66' lang='lat' dir='ltr'>volgatae</span> <span class='ocrx_word' id='word_1_212' title='bbox 773 2883 934 2970; x_wconf 88' lang='lat' dir='ltr'>opinionis</span> <span class='ocrx_word' id='word_1_213' title='bbox 963 2885 1056 2950; x_wconf 92' lang='lat' dir='ltr'>vides</span> <span class='ocrx_word' id='word_1_214' title='bbox 1079 2909 1099 2950; x_wconf 93' lang='lat' dir='ltr'>a</span> <span class='ocrx_word' id='word_1_215' title='bbox 1121 2886 1236 2952; x_wconf 85' lang='lat' dir='ltr'>Seruio</span> <span class='ocrx_word' id='word_1_216' title='bbox 1258 2885 1459 2950; x_wconf 90' lang='lat' dir='ltr'>luculentum</span> 
     </span>
     <span class='ocr_line' id='line_1_26' title="bbox 316 2984 670 3073; baseline -0.011 -19"><span class='ocrx_word' id='word_1_217' title='bbox 316 2987 501 3073; x_wconf 86' lang='lat' dir='ltr'>exemplum</span> <span class='ocrx_word' id='word_1_218' title='bbox 521 2984 670 3070; x_wconf 89' lang='lat' dir='ltr'>proferri.</span> 
     </span>
    </p>

    <p class='ocr_par' dir='ltr' id='par_1_4' title="bbox 401 3086 1460 3174">
     <span class='ocr_line' id='line_1_27' title="bbox 401 3086 1460 3174; baseline -0.002 -21"><span class='ocrx_word' id='word_1_219' title='bbox 401 3089 441 3153; x_wconf 92' lang='lat' dir='ltr'>In</span> <span class='ocrx_word' id='word_1_220' title='bbox 464 3109 502 3151; x_wconf 91' lang='lat' dir='ltr'>eo</span> <span class='ocrx_word' id='word_1_221' title='bbox 525 3108 616 3167; x_wconf 90' lang='lat' dir='ltr'>vero,</span> <span class='ocrx_word' id='word_1_222' title='bbox 639 3086 725 3173; x_wconf 89' lang='lat' dir='ltr'>quod</span> <span class='ocrx_word' id='word_1_223' title='bbox 743 3093 867 3152; x_wconf 80' lang='lat' dir='ltr'>Galerio</span> <span class='ocrx_word' id='word_1_224' title='bbox 887 3086 1030 3174; x_wconf 87' lang='lat' dir='ltr'>scripsit,</span> <span class='ocrx_word' id='word_1_225' title='bbox 1052 3087 1124 3153; x_wconf 89' lang='lat' dir='ltr'>falli</span> <span class='ocrx_word' id='word_1_226' title='bbox 1144 3087 1284 3153; x_wconf 86' lang='lat' dir='ltr'>uidetur.</span> <span class='ocrx_word' id='word_1_227' title='bbox 1327 3088 1367 3152; x_wconf 92' lang='lat' dir='ltr'>In</span> <span class='ocrx_word' id='word_1_228' title='bbox 1389 3089 1460 3153; x_wconf 91' lang='lat' dir='ltr'>vita</span> 
     </span>
    </p>
   </div>
   <div class='ocr_carea' id='block_1_3' title="bbox 316 3185 1541 3683">
    <p class='ocr_par' dir='ltr' id='par_1_5' title="bbox 316 3185 1541 3683">
     <span class='ocr_line' id='line_1_28' title="bbox 318 3185 1459 3274; baseline -0.004 -18"><span class='ocrx_word' id='word_1_229' title='bbox 318 3191 416 3272; x_wconf 91' lang='lat' dir='ltr'>enim,</span> <span class='ocrx_word' id='word_1_230' title='bbox 438 3197 476 3252; x_wconf 90' lang='lat' dir='ltr'>ut</span> <span class='ocrx_word' id='word_1_231' title='bbox 490 3187 524 3250; x_wconf 91' lang='lat' dir='ltr'>in</span> <span class='ocrx_word' id='word_1_232' title='bbox 541 3185 748 3271; x_wconf 82' lang='lat' dir='ltr'>Sangallensi</span> <span class='ocrx_word' id='word_1_233' title='bbox 763 3187 876 3252; x_wconf 90' lang='lat' dir='ltr'>codice</span> <span class='ocrx_word' id='word_1_234' title='bbox 892 3189 992 3272; x_wconf 89' lang='lat' dir='ltr'>(saec.</span> <span class='ocrx_word' id='word_1_235' title='bbox 1008 3189 1056 3274; x_wconf 90' lang='lat' dir='ltr'>X)</span> <span class='ocrx_word' id='word_1_236' title='bbox 1080 3189 1200 3254; x_wconf 90' lang='lat' dir='ltr'>diserte</span> <span class='ocrx_word' id='word_1_237' title='bbox 1214 3195 1312 3253; x_wconf 75' lang='lat' dir='ltr'>hierio</span> <span class='ocrx_word' id='word_1_238' title='bbox 1327 3187 1459 3272; x_wconf 88' lang='lat' dir='ltr'>legitur,</span> 
     </span>
     <span class='ocr_line' id='line_1_29' title="bbox 318 3288 1541 3376; baseline -0.002 -21"><span class='ocrx_word' id='word_1_239' title='bbox 318 3294 365 3357; x_wconf 91' lang='lat' dir='ltr'>ita</span> <span class='ocrx_word' id='word_1_240' title='bbox 386 3291 421 3353; x_wconf 91' lang='lat' dir='ltr'>in</span> <span class='ocrx_word' id='word_1_241' title='bbox 442 3288 603 3355; x_wconf 83' lang='lat' dir='ltr'>Beruensi</span> <span class='ocrx_word' id='word_1_242' title='bbox 624 3310 690 3353; x_wconf 90' lang='lat' dir='ltr'>non</span> <span class='ocrx_word' id='word_1_243' title='bbox 710 3296 811 3368; x_wconf 67' lang='lat' dir='ltr'>alerio</span> <span class='ocrx_word' id='word_1_244' title='bbox 831 3288 971 3355; x_wconf 90' lang='lat' dir='ltr'>habetur</span> <span class='ocrx_word' id='word_1_245' title='bbox 997 3290 1085 3376; x_wconf 90' lang='lat' dir='ltr'>quod</span> <span class='ocrx_word' id='word_1_246' title='bbox 1106 3288 1225 3354; x_wconf 86' lang='lat' dir='ltr'>Miiller</span> <span class='ocrx_word' id='word_1_247' title='bbox 1252 3290 1303 3354; x_wconf 90' lang='lat' dir='ltr'>sui</span> <span class='ocrx_word' id='word_1_248' title='bbox 1324 3311 1390 3353; x_wconf 93' lang='lat' dir='ltr'>non</span> <span class='ocrx_word' id='word_1_249' title='bbox 1411 3291 1459 3353; x_wconf 91' lang='lat' dir='ltr'>in·</span> <span class='ocrx_word' id='word_1_250' title='bbox 1537 3315 1541 3324; x_wconf 70' lang='lat'>¹</span> 
     </span>
     <span class='ocr_line' id='line_1_30' title="bbox 318 3380 1459 3476; baseline -0.002 -20"><span class='ocrx_word' id='word_1_251' title='bbox 318 3413 441 3456; x_wconf 89' lang='lat' dir='ltr'>memor</span> <span class='ocrx_word' id='word_1_252' title='bbox 467 3399 629 3474; x_wconf 87' lang='lat' dir='ltr'>nugatur,</span> <span class='ocrx_word' id='word_1_253' title='bbox 664 3389 725 3454; x_wconf 91' lang='lat' dir='ltr'>sed</span> <span class='ocrx_word' id='word_1_254' title='bbox 745 3380 848 3468; x_wconf 60' lang='lat' dir='ltr'>demo,</span> <span class='ocrx_word' id='word_1_255' title='bbox 885 3390 946 3454; x_wconf 89' lang='lat' dir='ltr'>hoe</span> <span class='ocrx_word' id='word_1_256' title='bbox 975 3399 1042 3472; x_wconf 91' lang='lat' dir='ltr'>est,</span> <span class='ocrx_word' id='word_1_257' title='bbox 1078 3391 1236 3476; x_wconf 88' lang='lat' dir='ltr'>scriptum</span> <span class='ocrx_word' id='word_1_258' title='bbox 1263 3390 1328 3454; x_wconf 90' lang='lat' dir='ltr'>fuit</span> <span class='ocrx_word' id='word_1_259' title='bbox 1354 3393 1459 3476; x_wconf 89' lang='lat' dir='ltr'>primo</span> 
     </span>
     <span class='ocr_line' id='line_1_31' title="bbox 316 3490 1461 3578; baseline -0.004 -19"><span class='ocrx_word' id='word_1_260' title='bbox 316 3501 420 3574; x_wconf 65' lang='lat' dir='ltr'>perio,</span> <span class='ocrx_word' id='word_1_261' title='bbox 455 3501 637 3556; x_wconf 88' lang='lat' dir='ltr'>correctum</span> <span class='ocrx_word' id='word_1_262' title='bbox 670 3490 790 3555; x_wconf 87' lang='lat' dir='ltr'>deinde</span> <span class='ocrx_word' id='word_1_263' title='bbox 823 3490 879 3574; x_wconf 82' lang='lat' dir='ltr'>(m.</span> <span class='ocrx_word' id='word_1_264' title='bbox 908 3493 944 3572; x_wconf 83' lang='lat'>2,</span> <span class='ocrx_word' id='word_1_265' title='bbox 973 3490 1031 3555; x_wconf 88' lang='lat' dir='ltr'>sed</span> <span class='ocrx_word' id='word_1_266' title='bbox 1059 3514 1146 3558; x_wconf 88' lang='lat' dir='ltr'>saec.</span> <span class='ocrx_word' id='word_1_267' title='bbox 1168 3492 1215 3578; x_wconf 89' lang='lat' dir='ltr'>X)</span> <span class='ocrx_word' id='word_1_268' title='bbox 1245 3497 1330 3557; x_wconf 73' lang='lat' dir='ltr'>terto.</span> <span class='ocrx_word' id='word_1_269' title='bbox 1375 3493 1461 3556; x_wconf 89' lang='lat' dir='ltr'>Nam</span> 
     </span>
     <span class='ocr_line' id='line_1_32' title="bbox 319 3590 1460 3683; baseline -0.003 -24"><span class='ocrx_word' id='word_1_270' title='bbox 319 3617 401 3683; x_wconf 88' lang='lat' dir='ltr'>quae</span> <span class='ocrx_word' id='word_1_271' title='bbox 427 3593 539 3658; x_wconf 88' lang='lat' dir='ltr'>littera</span> <span class='ocrx_word' id='word_1_272' title='bbox 567 3593 789 3678; x_wconf 64' lang='lat' dir='ltr'>supradcripta</span> <span class='ocrx_word' id='word_1_273' title='bbox 816 3602 866 3657; x_wconf 87' lang='lat' dir='ltr'>est</span> <span class='ocrx_word' id='word_1_274' title='bbox 894 3590 942 3656; x_wconf 91' lang='lat' dir='ltr'>illi</span> <span class='ocrx_word' id='word_1_275' title='bbox 966 3613 1004 3672; x_wconf 68' lang='lat' dir='ltr'>a,</span> <span class='ocrx_word' id='word_1_276' title='bbox 1033 3615 1098 3658; x_wconf 92' lang='lat' dir='ltr'>non</span> <span class='ocrx_word' id='word_1_277' title='bbox 1119 3599 1131 3657; x_wconf 87' lang='lat' dir='ltr'>l</span> <span class='ocrx_word' id='word_1_278' title='bbox 1152 3615 1223 3657; x_wconf 90' lang='lat' dir='ltr'>esse</span> <span class='ocrx_word' id='word_1_279' title='bbox 1253 3592 1310 3657; x_wconf 89' lang='lat' dir='ltr'>sed</span> <span class='ocrx_word' id='word_1_280' title='bbox 1333 3601 1358 3674; x_wconf 86' lang='lat' dir='ltr'>i,</span> <span class='ocrx_word' id='word_1_281' title='bbox 1387 3615 1460 3656; x_wconf 90' lang='lat' dir='ltr'>cum</span> 
     </span>
    </p>
   </div>
   <div class='ocr_carea' id='block_1_4' title="bbox 319 3693 1464 4487">
    <p class='ocr_par' dir='ltr' id='par_1_6' title="bbox 319 3693 1464 4487">
     <span class='ocr_line' id='line_1_33' title="bbox 319 3693 1462 3779; baseline -0.003 -19"><span class='ocrx_word' id='word_1_282' title='bbox 319 3695 413 3760; x_wconf 91' lang='lat' dir='ltr'>multi</span> <span class='ocrx_word' id='word_1_283' title='bbox 427 3693 484 3758; x_wconf 90' lang='lat' dir='ltr'>alii</span> <span class='ocrx_word' id='word_1_284' title='bbox 498 3693 620 3758; x_wconf 88' lang='lat' dir='ltr'>codicis</span> <span class='ocrx_word' id='word_1_285' title='bbox 639 3693 777 3760; x_wconf 73' lang='lat'>1721001</span> <span class='ocrx_word' id='word_1_286' title='bbox 792 3694 940 3776; x_wconf 88' lang='lat' dir='ltr'>doceant,</span> <span class='ocrx_word' id='word_1_287' title='bbox 963 3694 1081 3779; x_wconf 91' lang='lat' dir='ltr'>quibus</span> <span class='ocrx_word' id='word_1_288' title='bbox 1098 3701 1110 3759; x_wconf 77' lang='lat' dir='ltr'><em>i</em></span> <span class='ocrx_word' id='word_1_289' title='bbox 1122 3695 1156 3757; x_wconf 92' lang='lat' dir='ltr'>in</span> <span class='ocrx_word' id='word_1_290' title='bbox 1171 3694 1346 3760; x_wconf 86' lang='lat' dir='ltr'>verborum</span> <span class='ocrx_word' id='word_1_291' title='bbox 1361 3694 1462 3758; x_wconf 89' lang='lat' dir='ltr'>initiis</span> 
     </span>
     <span class='ocr_line' id='line_1_34' title="bbox 319 3793 1461 3881; baseline -0.002 -21"><span class='ocrx_word' id='word_1_292' title='bbox 319 3796 467 3881; x_wconf 90' lang='lat' dir='ltr'>longiore</span> <span class='ocrx_word' id='word_1_293' title='bbox 489 3795 589 3859; x_wconf 88' lang='lat' dir='ltr'>ductu</span> <span class='ocrx_word' id='word_1_294' title='bbox 612 3793 712 3859; x_wconf 88' lang='lat' dir='ltr'>scribi</span> <span class='ocrx_word' id='word_1_295' title='bbox 740 3793 838 3875; x_wconf 89' lang='lat' dir='ltr'>solet,</span> <span class='ocrx_word' id='word_1_296' title='bbox 867 3804 905 3860; x_wconf 90' lang='lat' dir='ltr'>ut</span> <span class='ocrx_word' id='word_1_297' title='bbox 931 3796 1026 3880; x_wconf 86' lang='lat' dir='ltr'>quasi</span> <span class='ocrx_word' id='word_1_298' title='bbox 1053 3802 1066 3859; x_wconf 89' lang='lat' dir='ltr'>l</span> <span class='ocrx_word' id='word_1_299' title='bbox 1093 3816 1164 3859; x_wconf 88' lang='lat' dir='ltr'>esse</span> <span class='ocrx_word' id='word_1_300' title='bbox 1192 3794 1359 3876; x_wconf 88' lang='lat' dir='ltr'>videatur,</span> <span class='ocrx_word' id='word_1_301' title='bbox 1393 3805 1461 3860; x_wconf 89' lang='lat' dir='ltr'>tum</span> 
     </span>
     <span class='ocr_line' id='line_1_35' title="bbox 320 3895 1462 3982; baseline -0.004 -20"><span class='ocrx_word' id='word_1_302' title='bbox 320 3896 500 3962; x_wconf 85' lang='lat' dir='ltr'>luculenter</span> <span class='ocrx_word' id='word_1_303' title='bbox 522 3895 707 3961; x_wconf 90' lang='lat' dir='ltr'>ostenditur</span> <span class='ocrx_word' id='word_1_304' title='bbox 733 3895 804 3961; x_wconf 91' lang='lat' dir='ltr'>loco</span> <span class='ocrx_word' id='word_1_305' title='bbox 833 3919 865 3982; x_wconf 92' lang='lat' dir='ltr'>p.</span> <span class='ocrx_word' id='word_1_306' title='bbox 890 3895 945 3976; x_wconf 84' lang='lat'>62,</span> <span class='ocrx_word' id='word_1_307' title='bbox 978 3896 1016 3958; x_wconf 93' lang='lat' dir='ltr'>ll</span> <span class='ocrx_word' id='word_1_308' title='bbox 1040 3895 1095 3976; x_wconf 75' lang='lat' dir='ltr'>R,</span> <span class='ocrx_word' id='word_1_309' title='bbox 1130 3895 1188 3960; x_wconf 93' lang='lat' dir='ltr'>ubi</span> <span class='ocrx_word' id='word_1_310' title='bbox 1216 3895 1251 3958; x_wconf 90' lang='lat' dir='ltr'>in</span> <span class='ocrx_word' id='word_1_311' title='bbox 1272 3895 1300 3959; x_wconf 91' lang='lat' dir='ltr'>B</span> <span class='ocrx_word' id='word_1_312' title='bbox 1322 3895 1462 3960; x_wconf 87' lang='lat' dir='ltr'>habetur</span> 
     </span>
     <span class='ocr_line' id='line_1_36' title="bbox 320 3995 1463 4081; baseline -0.001 -17"><span class='ocrx_word' id='word_1_313' title='bbox 320 4009 480 4079; x_wconf 80' lang='lat' dir='ltr'>iactatum,</span> <span class='ocrx_word' id='word_1_314' title='bbox 502 3997 614 4063; x_wconf 90' lang='lat' dir='ltr'>littera</span> <span class='ocrx_word' id='word_1_315' title='bbox 635 4005 647 4062; x_wconf 82' lang='lat' dir='ltr'><strong><em>i</em></strong></span> <span class='ocrx_word' id='word_1_316' title='bbox 667 3997 808 4062; x_wconf 89' lang='lat' dir='ltr'>eundem</span> <span class='ocrx_word' id='word_1_317' title='bbox 829 3999 864 4062; x_wconf 92' lang='lat' dir='ltr'>in</span> <span class='ocrx_word' id='word_1_318' title='bbox 885 3996 1019 4062; x_wconf 90' lang='lat' dir='ltr'>modurn</span> <span class='ocrx_word' id='word_1_319' title='bbox 1042 4007 1165 4076; x_wconf 90' lang='lat' dir='ltr'>erecta,</span> <span class='ocrx_word' id='word_1_320' title='bbox 1192 3995 1279 4081; x_wconf 91' lang='lat' dir='ltr'>quod</span> <span class='ocrx_word' id='word_1_321' title='bbox 1301 4018 1375 4060; x_wconf 90' lang='lat' dir='ltr'>cum</span> <span class='ocrx_word' id='word_1_322' title='bbox 1397 4019 1463 4062; x_wconf 90' lang='lat' dir='ltr'>non</span> 
     </span>
     <span class='ocr_line' id='line_1_37' title="bbox 319 4096 1462 4184; baseline -0.002 -20"><span class='ocrx_word' id='word_1_323' title='bbox 319 4099 524 4184; x_wconf 86' lang='lat' dir='ltr'>intellegeret</span> <span class='ocrx_word' id='word_1_324' title='bbox 552 4099 747 4183; x_wconf 90' lang='lat' dir='ltr'>Reginensis</span> <span class='ocrx_word' id='word_1_325' title='bbox 782 4097 904 4164; x_wconf 91' lang='lat' dir='ltr'>codicis</span> <span class='ocrx_word' id='word_1_326' title='bbox 935 4096 1105 4179; x_wconf 87' lang='lat' dir='ltr'>librarius,</span> <span class='ocrx_word' id='word_1_327' title='bbox 1142 4104 1284 4161; x_wconf 82' lang='lat' dir='ltr'>lactatam</span> <span class='ocrx_word' id='word_1_328' title='bbox 1320 4096 1462 4182; x_wconf 88' lang='lat' dir='ltr'>scripsit.</span> 
     </span>
     <span class='ocr_line' id='line_1_38' title="bbox 324 4197 1464 4286; baseline -0.002 -21"><span class='ocrx_word' id='word_1_329' title='bbox 324 4208 415 4266; x_wconf 83' lang='lat' dir='ltr'>Gerio</span> <span class='ocrx_word' id='word_1_330' title='bbox 442 4210 551 4264; x_wconf 89' lang='lat' dir='ltr'>autem</span> <span class='ocrx_word' id='word_1_331' title='bbox 579 4200 813 4286; x_wconf 88' lang='lat' dir='ltr'>pronuntiandi</span> <span class='ocrx_word' id='word_1_332' title='bbox 846 4199 927 4264; x_wconf 90' lang='lat' dir='ltr'>vitio</span> <span class='ocrx_word' id='word_1_333' title='bbox 956 4220 998 4262; x_wconf 85' lang='lat' dir='ltr'>ex</span> <span class='ocrx_word' id='word_1_334' title='bbox 1025 4205 1103 4262; x_wconf 76' lang='lat' dir='ltr'>terto</span> <span class='ocrx_word' id='word_1_335' title='bbox 1134 4206 1241 4262; x_wconf 91' lang='lat' dir='ltr'>ortum</span> <span class='ocrx_word' id='word_1_336' title='bbox 1269 4219 1341 4261; x_wconf 89' lang='lat' dir='ltr'>esse</span> <span class='ocrx_word' id='word_1_337' title='bbox 1368 4197 1464 4263; x_wconf 90' lang='lat' dir='ltr'>docet</span> 
     </span>
     <span class='ocr_line' id='line_1_39' title="bbox 323 4296 1462 4387; baseline -0.001 -22"><span class='ocrx_word' id='word_1_338' title='bbox 323 4300 523 4365; x_wconf 89' lang='lat' dir='ltr'>simillimum</span> <span class='ocrx_word' id='word_1_339' title='bbox 546 4300 731 4387; x_wconf 90' lang='lat' dir='ltr'>exemplum</span> <span class='ocrx_word' id='word_1_340' title='bbox 753 4303 788 4366; x_wconf 91' lang='lat' dir='ltr'>in</span> <span class='ocrx_word' id='word_1_341' title='bbox 809 4299 990 4364; x_wconf 90' lang='lat' dir='ltr'>Hermanni</span> <span class='ocrx_word' id='word_1_342' title='bbox 1011 4299 1151 4363; x_wconf 90' lang='lat' dir='ltr'>Vseneri</span> <span class='ocrx_word' id='word_1_343' title='bbox 1178 4297 1218 4362; x_wconf 91' lang='lat' dir='ltr'>de</span> <span class='ocrx_word' id='word_1_344' title='bbox 1241 4296 1371 4362; x_wconf 87' lang='lat' dir='ltr'>scholiis</span> <span class='ocrx_word' id='word_1_345' title='bbox 1394 4299 1462 4364; x_wconf 93' lang='lat' dir='ltr'>Ho-</span> 
     </span>
     <span class='ocr_line' id='line_1_40' title="bbox 322 4397 1461 4487; baseline -0.004 -20"><span class='ocrx_word' id='word_1_346' title='bbox 322 4403 460 4468; x_wconf 90' lang='lat' dir='ltr'>ratianis</span> <span class='ocrx_word' id='word_1_347' title='bbox 476 4399 586 4468; x_wconf 89' lang='lat' dir='ltr'>libello</span> <span class='ocrx_word' id='word_1_348' title='bbox 604 4401 743 4485; x_wconf 89' lang='lat' dir='ltr'>(Bemae</span> <span class='ocrx_word' id='word_1_349' title='bbox 759 4423 902 4487; x_wconf 88' lang='lat' dir='ltr'>prooem.</span> <span class='ocrx_word' id='word_1_350' title='bbox 919 4409 999 4464; x_wconf 88' lang='lat' dir='ltr'>aest.</span> <span class='ocrx_word' id='word_1_351' title='bbox 1018 4399 1115 4485; x_wconf 88' lang='lat'>1863)</span> <span class='ocrx_word' id='word_1_352' title='bbox 1130 4423 1163 4486; x_wconf 92' lang='lat' dir='ltr'>p.</span> <span class='ocrx_word' id='word_1_353' title='bbox 1179 4397 1301 4464; x_wconf 86' lang='lat' dir='ltr'>XXXI</span> <span class='ocrx_word' id='word_1_354' title='bbox 1316 4399 1461 4482; x_wconf 90' lang='lat' dir='ltr'>obvium,</span> 
     </span>
    </p>
   </div>
   <div class='ocr_carea' id='block_1_5' title="bbox 0 0 1630 5042">
    <p class='ocr_par' dir='ltr' id='par_1_7' title="bbox 0 0 1630 5042">
     <span class='ocr_line' id='line_1_41' title="bbox 0 0 1630 5042; baseline 0 0"><span class='ocrx_word' id='word_1_355' title='bbox 0 0 1630 5042; x_wconf 95' lang='lat' dir='ltr'> </span> 
     </span>
    </p>
   </div>
  </div>
 </body>
</html>
