3276 5050
646 445 889 495 enouneounul.
1277 435 1336 499 151

193 618 273 681 Talia
297 628 394 680 nutem
418 621 443 680 si
466 618 614 681 adnotavit
629 621 753 691 Probus,
777 623 920 682 sescentis
943 621 1016 682 locis
1039 641 1141 684 aversa
1157 622 1337 686 obelismene

193 739 278 781 usum
302 739 427 782 neeesse
450 728 504 791 est,
528 740 654 802 quorum
678 722 796 785 turbam
819 721 959 801 colligere
982 741 1091 803 operae
1114 742 1174 785 non
1198 733 1251 786 est.

276 824 368 897 ,leont
394 831 424 883 et
458 825 575 901 siguum
606 832 635 884 et
665 824 821 905 explicatio
852 843 887 884 ex
917 825 1032 887 Isidoro
1060 826 1238 906 repetenda:
1274 837 1339 889 erat

193 925 271 1010 enim
292 923 401 986 lineola
429 924 569 986 deorsum
599 925 686 988 ducta
716 925 971 1005 adhibebaturque
1000 927 1035 988 ad
1065 926 1171 988 menda
1199 929 1335 990 notanda.

191 1026 368 1106 Exemplum
391 1036 489 1087 autem
512 1026 609 1088 attulit
632 1028 752 1089 Servius
776 1028 811 1088 ad
833 1030 906 1090 Aen.
930 1029 957 1090 X
977 1025 1042 1089 444
1063 1028 1137 1090 haee
1160 1031 1250 1091 ‘socii
1273 1049 1337 1092 ces·

191 1135 296 1191 serunt
317 1145 450 1204 aequore
472 1132 567 1190 iusso'
590 1129 735 1191 adnotans
764 1135 837 1210 ‘pro
859 1133 920 1208 ainsi
939 1133 1020 1206 iussi,
1047 1137 1076 1192 et
1103 1139 1148 1192 est
1161 1138 1336 1210 usurpatum

190 1231 389 1311 participium.
436 1248 503 1290 nam
531 1232 635 1294 iubeor
662 1251 721 1294 non
745 1231 870 1293 dicimus
893 1279 900 1292 .
926 1279 933 1292 .
958 1279 964 1293 .
990 1279 997 1292 .
1022 1250 1094 1311 ergo
1118 1234 1189 1294 satis
1211 1232 1337 1294 licenter

191 1333 301 1394 dictum
326 1341 371 1392 est
392 1331 466 1392 adeo
489 1341 522 1392 ut
544 1331 614 1394 huic
629 1332 695 1394 loco
712 1341 853 1413 corrupto
868 1333 984 1395 Probus
1000 1331 1116 1412 alogum
1133 1337 1334 1414 apposuerit',

191 1433 353 1513 inquibus
385 1433 577 1496 emendandis
611 1455 732 1516 operam
763 1444 791 1496 et
819 1435 916 1496 oleum
946 1435 1077 1515 perdidit
1098 1435 1336 1516 Wolleubergius

190 1556 218 1617 p.
246 1535 294 1597 11.
342 1535 429 1597 Vides
452 1537 585 1598 immixta
608 1539 638 1598 in
660 1539 771 1599 nostris
793 1536 913 1598 scholiis
928 1556 1003 1618 quae
1018 1536 1134 1599 Probus
1149 1537 1231 1600 nullo
1247 1539 1335 1600 modo

191 1658 225 1700 ao
247 1657 285 1699 nc
308 1638 427 1700 Servius
451 1638 570 1715 quidem
594 1641 752 1718 scripsisse
774 1647 888 1719 potest,
918 1657 1046 1719 quorum
1073 1647 1213 1701 neutrum
1240 1643 1335 1720 passi-

117 1754 119 1760 ’
191 1760 257 1802 vum
291 1743 391 1802 iuberi
417 1740 577 1802 offendisse
606 1739 749 1802 credibile
783 1749 837 1802 est.
889 1740 1018 1802 Offendit
1045 1741 1174 1803 Probum
1205 1742 1336 1814 a'udacia,

190 1863 249 1924 qua
281 1846 393 1904 iussum
426 1859 540 1918 aequor
572 1842 689 1912 dicitur,
724 1861 792 1903 cum
825 1844 908 1922 ipsos
942 1844 1038 1904 socios
1070 1845 1168 1905 iussos
1191 1844 1338 1907 decedere

191 1963 321 2024 aequore
353 1943 563 2006 consuetudini
597 1945 744 2006 sermonis
773 1962 939 2022 congruum
967 1946 1021 2014 sit;
1055 1963 1180 2024 eamque
1212 1948 1337 2026 figuram

189 2047 358 2109 Macrobius
381 2063 499 2124 quoque
522 2043 611 2116 V16,
635 2044 670 2118 3,
701 2065 773 2106 usus
800 2044 850 2106 ille
877 2047 1003 2106 sortasse
1030 2045 1078 2108 hio
1106 2065 1225 2127 quoque
1247 2050 1338 2110 Probi

190 2151 297 2230 copiis,
329 2151 409 2209 inter
433 2165 482 2209 eas
505 2147 633 2218 rettulit,
667 2165 740 2226 quas
762 2148 877 2226 primus
904 2149 1057 2226 usurpavit
1079 2147 1226 2227 Vergilius
1254 2152 1336 2230 (‘pro

191 2271 225 2311 eo
249 2251 329 2329 quod
351 2254 425 2312 iussi
443 2252 633 2329 cesserunt’).
683 2248 809 2328 Alogum
836 2250 925 2328 igitur
955 2247 1092 2328 adposuit
1112 2249 1228 2311 Probus
1252 2249 1336 2312 dubi·

193 2361 257 2414 tans
279 2372 352 2414 num
375 2355 449 2414 iussi
469 2351 679 2430 corrigendum
702 2357 789 2412 esset.
922 2364 923 2368 ’

274 2454 412 2516 Ceterum
434 2473 495 2516 non
517 2453 655 2515 omnibus
682 2452 766 2523 loeis,
796 2451 905 2535 quihus
932 2453 1170 2515 emendationem
1193 2452 1335 2526 adhibuit,

189 2556 309 2636 alogum
331 2557 500 2636 adpinxisse
522 2555 670 2636 putandus
694 2563 747 2616 est.
792 2556 826 2615 ln
841 2537 965 2616 Homeri
980 2555 1101 2632 quidem
1117 2554 1336 2635 exemplaribus

189 2647 272 2738 πρὸς
294 2647 352 2730 τὰς
373 2651 506 2736 γραφὰς
528 2646 586 2728 τὰς
609 2655 854 2736 Ζηνοδοτείους
876 2650 932 2717 καὶ
954 2647 1129 2737 Κράτητος
1151 2650 1207 2718 καὶ
1230 2645 1337 2718 αὐτοῦ

185 2751 403 2841 Ἀριστάρχου
426 2747 561 2830 καὶτὰς
584 2751 783 2839 διορθώσεις
806 2748 915 2819 αὐτοῦ
939 2759 1052 2837 (anecd.
1075 2759 1162 2822 Rom.
1187 2758 1254 2820 coll.
1279 2761 1335 2822 Ve-

188 2862 268 2943 neto)
299 2867 382 2940 diple
406 2863 639 2948 periestipmene
665 2861 834 2940 ponebatur
857 2869 887 2921 et
908 2860 996 2921 simili
1019 2861 1142 2922 consilio
1165 2863 1197 2922 in
1218 2861 1335 2923 Latino-

188 2985 256 3027 rum
285 2983 404 3044 quoque
433 2964 615 3042 scriptorum
643 2962 727 3024 lihris
755 2971 896 3042 usurpata
925 2970 984 3031 est,
1020 2979 1198 3041 quamquam
1226 2965 1336 3025 misere

189 3074 342 3128 contracta
365 3074 395 3126 et
418 3072 558 3144 corrupta
581 3063 655 3125 adeo
677 3065 854 3125 anecdotum
877 3065 1046 3125 Parisinum
1074 3065 1111 3124 de
1142 3084 1175 3126 ea
1197 3065 1335 3145 praehet:

190 3169 236 3229 ‘d
261 3189 290 3248 p.
314 3167 529 3248 apponebatur,
555 3183 631 3243 quae
647 3166 816 3227 Zenodotus
831 3165 978 3246 Ephesius
1000 3185 1061 3227 non
1082 3173 1164 3227 recte
1188 3167 1337 3230 adiecerat

188 3280 238 3333 aut
260 3272 429 3333 detraxerat
451 3276 502 3329 aut
524 3275 753 3347 permutaverat.
791 3271 823 3328 ιἰι
845 3271 892 3328 leis
915 3268 993 3346 (lert.
1018 3269 1163 3348 similiter)
1187 3277 1217 3330 et
1238 3273 1337 3330 nostri

188 3392 225 3435 ea
247 3376 296 3435 usi
315 3375 413 3434 sunt’.

274 3473 357 3537 Unde
379 3473 408 3533 id
432 3472 535 3534 saltem
558 3472 757 3551 intellegitur,
787 3471 968 3549 ubicumque
990 3471 1106 3534 Probus
1130 3472 1175 3533 vel
1196 3472 1334 3536 traditam

188 3579 365 3656 scripturam
387 3583 490 3636 eontra
513 3593 617 3636 eorum
640 3577 775 3655 quiante
797 3576 896 3654 ipsum
918 3581 1031 3635 textum
1055 3577 1210 3655 scriptoris
1233 3576 1333 3638 edide-

187 3688 255 3741 rant
278 3677 368 3758 (velut
383 3678 485 3756 Aspri:
510 3677 547 3737 cl.
563 3681 636 3738 Aen.
652 3677 678 3738 X
692 3674 765 3758 539)
789 3683 955 3736 commenta
979 3676 1111 3739 defendit
1134 3677 1179 3738 vel
1195 3679 1333 3740 emenda·

189 3783 301 3842 tionem
313 3781 374 3840 sive
387 3777 512 3840 aliorum
523 3780 583 3839 sive
599 3798 682 3842 suam
698 3782 728 3840 in
746 3787 856 3840 textum
872 3781 996 3858 recepit,
1010 3782 1093 3857 dilala
1106 3784 1335 3857 periestiomene

188 3902 255 3944 eum
278 3900 367 3944 usum
390 3899 465 3942 esse.
502 3882 585 3942 Hane
608 3883 699 3960 igitur
721 3882 769 3942 his
793 3880 935 3951 versibus,
959 3881 996 3942 de
1020 3882 1127 3960 quihus
1149 3900 1240 3962 supra
1263 3883 1332 3953 dixi,

187 3983 350 4046 adhibitam
372 3983 464 4044 luisse
487 3991 601 4044 statuo:
631 3986 704 4045 Aen.
727 3979 823 4044 1441
858 3981 908 4043 Vll
931 3980 992 4044 773
1029 3983 1091 4044 Vlll
1112 3980 1176 4044 406
1212 3981 1332 4046 x303.

186 4083 249 4149 539
285 4086 325 4146 Xl
349 4082 451 4165 (3381)
476 4081 539 4146 830
574 4085 627 4147 llll
649 4081 723 4146 605.

222 4169 226 4180 ⁵
273 4187 381 4249 Contra
416 4190 521 4263 etopus
548 4187 589 4247 ibi
616 4186 714 4248 locum
737 4186 879 4258 hahebat,
907 4187 960 4250 uhi
981 4189 1044 4268 ipse
1067 4188 1104 4249 de
1127 4188 1331 4251 constituenda

187 4289 316 4351 lectione
347 4287 516 4367 ambigebat
544 4289 588 4350 vel
617 4289 690 4350 adeo
718 4290 910 4369 desperabat,
941 4291 1026 4351 cuius
1055 4297 1084 4351 at
1110 4292 1141 4352 in
1170 4290 1264 4354 schol.
1295 4289 1331 4351 ad

187 4390 339 4472 Aristoph.
356 4390 442 4471 Vesp.
462 4388 544 4453 1282
567 4398 596 4452 et
618 4391 649 4452 in
672 4390 791 4453 scholiis
807 4393 984 4455 Victorianis
999 4393 1035 4453 ad
1051 4409 1075 4452 π
1090 4390 1152 4454 613
1174 4395 1330 4472 vestigium

188 4501 268 4556 extat
290 4494 340 4576 (cl.
361 4492 504 4554 Lehrsius
526 4495 557 4554 in
579 4493 667 4555 Arist.
697 4513 726 4574 p.
749 4489 890 4574 362s346
919 4502 948 4554 et
970 4494 1159 4556 Hermannus
1182 4494 1331 4557 Schrader
