3212 5042
627 441 870 485 anonseousus.
1303 423 1322 485 9

171 631 299 675 carmen
321 611 393 672 illud
416 612 559 680 recitavit,
589 612 780 681 Ciceronem,
811 631 900 692 quem
923 633 950 674 a.
974 613 1002 674 d.
1026 611 1075 674 Vll
1097 612 1139 674 ld.
1165 613 1320 676 Deccmbr.

170 717 245 779 anui
268 711 329 775 711
353 720 470 775 constat
491 714 679 774 interiectum
703 732 776 785 esse,
800 716 831 774 in
848 714 964 794 theatro
979 714 1133 794 plausibus
1148 715 1207 777 illis
1229 718 1321 778 inter·

167 819 278 886 luisse,
303 817 341 876 de
363 816 472 894 quibus
494 817 618 895 contigit
632 823 665 878 ut
680 817 785 878 Donati
801 816 917 896 vulgata
933 836 994 879 non
1010 819 1201 880 contaminati
1224 835 1253 897 p.
1270 816 1321 888 60,

165 918 190 980 6
223 936 289 999 sqq.
311 919 346 980 u.
369 925 399 979 et
426 917 534 998 dialogi
556 918 593 979 de
616 937 660 979 or.
684 937 709 980 c.
729 916 767 980 13
790 921 968 981 testimoniis
990 922 1108 982 saniora
1131 920 1320 982 doceremur.

150 1015 258 1095 “Quae
282 1022 324 1082 ita
352 1023 431 1082 inter
459 1040 492 1082 se
519 1021 672 1091 differunt,
707 1029 740 1082 ut
767 1040 835 1082 cum
859 1023 991 1084 Donatus
1020 1021 1128 1084 crebro
1156 1025 1187 1084 in
1210 1041 1320 1096 scaena

167 1141 293 1205 quoque
315 1141 370 1203 per
393 1131 530 1186 cantores
551 1125 741 1204 pronuntiata
764 1143 831 1185 esse
860 1123 995 1187 bucolica
1023 1131 1138 1195 narret,
1168 1127 1322 1188 Maternus

167 1230 205 1289 in
228 1226 346 1305 analoga
369 1245 425 1287 occ
447 1225 581 1287 bucolica
604 1229 739 1288 nominet
762 1237 792 1288 et
813 1229 900 1289 unius
916 1227 1069 1289 cuiusdam
1085 1228 1323 1307 Vergilianorum

169 1347 318 1391 versuum
351 1331 382 1389 in
414 1328 533 1390 theatro
560 1329 743 1391 recitationis
777 1331 959 1392 mentionem
987 1330 1076 1392 iaciat
1107 1336 1189 1392 tanto
1222 1331 1323 1391 lavore

172 1439 328 1513 acceptae,
363 1440 397 1492 ut
428 1433 594 1492 surrexerit
626 1431 756 1513 populus
777 1434 938 1494 universus
971 1437 1001 1494 et
1027 1433 1105 1494 torte
1137 1439 1325 1513 praesentem
1411 1507 1413 1514 y

172 1542 425 1616 spectantemque
448 1533 610 1612 Vergilium
633 1542 791 1595 veneratus
814 1536 852 1596 sit
875 1537 957 1614 quasi
981 1535 1175 1614 Augustum..

259 1636 314 1698 Vel
337 1645 470 1698 extremo
486 1655 564 1696 anno
580 1633 641 1698 713
657 1636 703 1697 vel
718 1638 833 1698 ineunti
849 1634 911 1699 714
926 1635 1105 1716 adsignanda
1122 1645 1168 1699 est
1183 1646 1323 1714 quarta

171 1739 287 1818 ecloga,
313 1757 369 1817 qua
392 1739 492 1800 Asinio
510 1737 644 1799 Pollione
668 1738 792 1800 consule
816 1739 969 1818 designato
992 1739 1043 1800 filii
1066 1741 1215 1802 nascentis
1239 1740 1274 1822 (v.
1293 1739 1322 1803 7.

171 1839 333 1922 81160)
349 1841 378 1900 h.
397 1859 422 1900 e.
440 1842 530 1902 certis
546 1842 689 1902 vaticiniis
704 1843 853 1922 promissi,
870 1841 1001 1902 nondum
1016 1845 1086 1911 nati,
1100 1843 1130 1904 C.
1147 1843 1240 1905 Asinii
1252 1841 1329 1905 Galli

172 1951 281 2026 postea
305 1942 424 2005 Salonis
446 1961 472 2003 a.
497 1939 560 2004 715
582 1963 598 2005 a
620 1950 705 2022 patre
735 1945 830 2024 captis
853 1943 985 2005 Salonini
1013 1946 1171 2023 agnomine
1197 1945 1325 2025 praediti

174 2046 224 2128 (de
248 2063 309 2125 quo
331 2045 397 2105 vide
412 2045 659 2106 lirumannumll
683 2041 722 2106 12
738 2045 793 2126 sq.)
816 2045 1025 2124 genethliacon
1048 2055 1077 2108 et
1099 2046 1136 2107 dc
1152 2065 1243 2107 aureo
1260 2066 1324 2107 sae·

172 2148 242 2210 culo
266 2149 437 2209 vaticinium
460 2166 477 2207 a
499 2145 631 2208 Volcatio
653 2166 750 2229 nuper
773 2151 911 2228 aruspice
934 2168 959 2209 a.
984 2145 1047 2209 710
1066 2147 1216 2228 prolatum
1241 2147 1321 2229 (Ser-

173 2255 238 2314 vius
261 2251 299 2312 ad
322 2249 376 2310 ecl.
400 2249 439 2310 lX
460 2246 511 2329 47)
536 2249 719 2320 continetur,
755 2250 833 2328 quod
869 2251 925 2311 iam
955 2252 985 2311 in
1015 2269 1050 2311 eo
1080 2269 1147 2329 esse
1175 2259 1208 2312 ut
1236 2252 1322 2332 pueri

172 2353 257 2416 illius
281 2360 311 2414 et
333 2353 426 2432 patris
449 2335 596 2421 consulis,
626 2353 678 2431 qui
699 2351 757 2413 hoc
786 2370 863 2414 anno
887 2349 951 2443 711
976 2351 1083 2414 foedus
1106 2352 1321 2414 Brundisinum

171 2459 252 2518 inter
268 2456 428 2518 Caesarem
452 2461 481 2514 et
500 2455 660 2516 Antonium
683 2456 851 2536 composuit
874 2455 1008 2538 (Appiam
1033 2455 1062 2516 b.
1086 2473 1111 2516 c.
1136 2455 1159 2514 V
1181 2453 1243 2534 64),
1267 2474 1319 2518 au·

172 2559 275 2640 spiclis
298 2564 396 2619 ratum
418 2557 468 2618 ssat
490 2555 525 2636 (v.
546 2554 594 2634 11)
611 2559 775 2618 nuntiatur.
806 2557 1022 2618 Testimonium
1046 2556 1083 2617 de
1106 2557 1152 2618 his
1175 2563 1257 2618 extat
1270 2559 1323 2618 As·

173 2663 253 2723 conii
276 2659 399 2722 Pediani
425 2658 508 2738 apud·
533 2658 669 2720 Servium
697 2659 733 2720 ad
763 2657 817 2720 ecl.
840 2657 877 2718 lV
902 2656 994 2738 il*),
1023 2658 1102 2738 quod
1132 2661 1324 2720 confirmatur

174 2764 348 2844 Hieronymi
370 2761 512 2823 Suetonio
535 2769 657 2822 auctore
678 2763 726 2822 usi
747 2761 899 2822 notatione
922 2759 966 2820 ur.
993 2757 1064 2830 198,
1088 2757 1108 2821 2
1133 2761 1171 2841 (p.
1195 2759 1236 2822 86
1258 2760 1321 2838 11.);

175 2868 286 2928 ‘Gaius
313 2847 431 2926 Asinius
453 2862 555 2926 Gallus
584 2871 685 2924 orator
706 2864 790 2924 Asini
816 2861 959 2924 Pollionis
989 2861 1081 2932 lilius,
1117 2865 1202 2926 cuius
1236 2865 1323 2924 etiam

176 2967 324 3048 Vergilius
355 2966 519 3027 meminit.’
573 2965 647 3026 ltem
682 2964 824 3026 Pollionis
857 2964 949 3026 tilium
983 2964 1127 3026 intellexit
1157 2964 1324 3026 Macrobius

176 3071 234 3132 Sat.
259 3067 352 3131 1117.
1046 3121 1054 3138 ,

201 3185 204 3192 ’
259 3171 430 3233 Revertenti
452 3171 483 3230 ni
505 3169 591 3231 fallor
607 3170 708 3232 Asinio
724 3168 849 3230 Pollioni
872 3187 907 3228 ex
923 3169 1030 3248 lllyria,
1045 3168 1105 3246 ,uhi
1127 3171 1153 3230 is
1165 3169 1323 3230 Parthinos

178 3276 329 3337 devicerat
358 3273 394 3354 (v.
426 3270 490 3354 13),
526 3271 578 3334 sed
607 3273 680 3333 loris
709 3273 797 3334 etiam
824 3272 954 3332 versanti
982 3271 1017 3352 (v.
1041 3268 1061 3331 6
1084 3269 1139 3350 sq.)
1152 3271 1217 3350 11),
1251 3289 1323 3349 ergo

176 3387 243 3439 ante
278 3375 463 3456 triumphum
497 3394 522 3436 a.
558 3375 585 3434 d.
610 3373 673 3435 Vlll
700 3374 763 3436 llal.
793 3373 952 3435 Novembr.
987 3393 1011 3435 a.
1042 3371 1105 3435 715
1138 3373 1321 3435 celebratum

175 3483 265 3542 missa
288 3487 335 3540 est
357 3477 460 3556 ecloga
482 3485 631 3553 octova,
664 3493 721 3554 qua
744 3476 832 3554 digna
855 3475 1022 3556 Sophocleo
1044 3476 1207 3546 cothurno,
1241 3475 1270 3536 h.
1296 3497 1322 3536 e.

174 3585 268 3663 ipsius
283 3579 425 3644 Pollionis
440 3587 512 3650 arte,
536 3581 612 3642 lacta
636 3580 701 3640 eius
723 3578 794 3639 olim
816 3578 972 3658 aliquando
996 3576 1228 3639 corroborandis
1252 3579 1320 3638 viri·

176 3685 232 3746 bus
265 3701 423 3745 reservans
457 3682 492 3762 (v.
517 3679 537 3742 9
560 3684 616 3759 sq.)
649 3689 736 3760 poeta
768 3679 902 3742 bucolica
935 3679 1056 3740 interim
1089 3681 1219 3740 carmina
1253 3680 1321 3749 duo,

174 3795 281 3866 coepta
304 3784 374 3845 olim
397 3786 484 3846 amici
507 3786 590 3845 iussu
613 3780 725 3863 (1.11),
755 3783 907 3843 Theocriti
929 3781 1199 3862 pharmaceutriam
1223 3781 1269 3863 (ll)
1294 3789 1323 3843 et

174 3895 336 3950 comestam
359 3886 417 3967 (lll)
440 3886 583 3948 imitando
605 3903 746 3965 expressa
775 3885 946 3964 complexus
968 3883 1094 3946 alterum
1116 3884 1203 3947 alteri
1224 3883 1323 3966 lepide

174 3991 324 4073 opposuit.
1127 4064 1142 4102 ο

240 4262 266 4330 *)
285 4262 434 4316 ‘Asconius
451 4260 591 4312 Pedianus
610 4276 627 4310 a
647 4259 726 4312 Gallo
746 4261 856 4311 audisse
881 4276 910 4310 se
929 4260 1029 4320 refert,
1053 4259 1126 4310 hano
1149 4259 1275 4325 eclogam
1292 4261 1322 4309 in

174 4352 310 4412 bonorem*
326 4349 386 4398 eius
405 4347 532 4398 factam!

224 4435 270 4500 **)
290 4433 412 4483 Dubitat
432 4435 517 4498 poeta
540 4435 630 4482 utrum
649 4434 729 4482 ‘iam’
748 4432 891 4482 Timavum
915 4435 1104 4494 transgressus
1129 4429 1231 4480 Italiae
1255 4429 1322 4480 fines

175 4521 325 4574 adsecutus
343 4519 381 4568 sit
398 4518 548 4583 imperator
566 4531 602 4568 an
619 4518 709 4583 ipsam
726 4516 834 4582 Illyrici
851 4514 943 4566 litoris
960 4530 1036 4566 oram
1054 4513 1150 4580 legens
1169 4515 1292 4582 naviget.
